2722 4028
506 217 566 270 xn.
585 216 809 269 ΛΟΤΚΙΔΝΟΣ.
1118 213 1159 276 37

157 369 212 437 καὶ
235 373 253 437 ὅ
276 397 308 438 τι
330 373 371 438 ἀν
394 374 497 457 ἀχθος
517 375 583 458 όμα
601 377 714 458 μυρίοι
732 383 865 458 κινῆσαι
882 363 976 458 μόλις
995 373 1162 454 δύναιντο,

158 486 256 543 τοῦτο
281 475 336 562 ἐμὲ
360 478 482 564 ῥᾳδίως
504 481 608 562 μόνον
627 477 856 563 ἀνατίθεσθαι,
879 480 926 543 ἔτι
944 475 981 543 δέ
999 475 1054 542 καὶ
1072 477 1162 542 πέτε-

160 589 241 648 σθαι
263 587 348 649 πολὺ
372 582 435 648 ἀπὸ
457 592 515 666 τῆς
534 591 594 666 γῆς
612 581 767 669 ἀρθέντα,
789 581 943 669 καὶπρὸς
961 593 1058 650 τοῦτο
1078 579 1166 648 εἶναί

160 711 216 772 μοι
244 690 420 754 δακτύλιόν
447 709 533 753 τινα’
565 686 620 753 καλ
642 689 708 773 μὴν
730 687 785 754 καλ
808 687 842 765 ές
863 689 970 754 ύπνον
993 696 1161 752 κατασπᾶν

160 795 303 870 ὁπόσους
332 794 374 859 ἀν
402 791 507 858 ἐθέλω
534 791 588 858 καὶ
616 795 745 858 ἀπασαν
771 795 883 879 θύραν
910 795 1080 875 προσιόντι
1107 816 1163 876 μοι

159 899 355 982 ἀνοίγεσθαι
382 897 574 984 χαλωμένου
601 908 661 964 τοῦ
687 903 846 983 κλείθρου
873 896 928 962 καὶ
955 908 1014 963 τοῦ
1039 903 1163 982 μοχλοῦ

160 1001 419 1089 ἀφαιρουμένου,
437 1013 538 1068 ταῦτα
557 1002 723 1088 ἀμφότερα
741 995 788 1080 εἷς
805 1004 980 1079 δακτύλιος
993 1003 1163 1068 δυνάσθω.

159 1111 197 1174 τὸ
226 1104 263 1174 δὲ
290 1107 445 1193 μέγιστον
472 1109 570 1184 ἀλλος
596 1133 644 1184 τις
671 1111 752 1173 ἔστω
781 1106 833 1173 ἐπὶ
855 1117 956 1172 πᾶσιν
979 1107 997 1173 ό
1019 1108 1196 1190 ἥδιστος,3

161 1215 205 1291 ὡς
235 1213 391 1298 έράσμιον
414 1207 503 1277 εἶναι’
522 1235 562 1297 με
584 1212 803 1298 περιθέμενον
825 1211 919 1278 παισὶ
940 1223 1009 1288 τοῖς
1031 1213 1163 1298 ὡραίοις

159 1317 215 1384 καὶ
238 1316 367 1402 γυναιξὶ
389 1316 443 1382 καὶ
467 1319 583 1402 δήμοις
605 1318 695 1394 ὅλοις
717 1316 771 1382 καὶ
794 1315 920 1401 μηδένα
943 1313 1028 1382 ελυαι
1047 1314 1164 1402 ἀνέρα-

161 1442 249 1489 στον.
294 1421 348 1488 καλ
377 1433 478 1488 ταῦτα
506 1423 613 1488 πάντα
642 1425 729 1508 ἔχειν
756 1424 799 1506 μη
828 1423 1056 1507 ὀλιγοχρόνιον
1084 1425 1163 1488 όντα

160 1524 244 1613 μηδὲ
265 1529 346 1592 κατὰ
369 1526 489 1612 μέτρον
513 1531 615 1606 ζῶντα
637 1537 693 1611 τῆς
711 1527 924 1613 ἀνθρωπίνης
942 1531 1064 1612 βιοτῆς,
1085 1525 1158 1594 ἀλλ’

161 1636 216 1717 ἔτη
239 1635 328 1718 χίλια
350 1632 429 1699 νέον
453 1632 488 1697 έκ
510 1632 590 1699 νέου
613 1635 812 1717 γιγνόμενον
831 1635 1003 1716 διαβιῶναι
1022 1631 1107 1717 ἀμφὶ
1124 1633 1163 1697 τδι

162 1737 376 1803 ἑπτακαίδεκα
403 1741 457 1822 ἔτη
486 1737 536 1803 ἀεὶ
564 1738 794 1822 ἀποδυόμενον
816 1741 853 1804 τὸ
875 1748 977 1824 γῆρας
999 1739 1108 1823 ὥσπερ
1132 1741 1166 1804 οί

161 1847 268 1929 ὄφεις·
292 1840 478 1929 οὐδὲνγὰρ
502 1845 611 1927 δεήσει
634 1867 673 1927 με
697 1854 798 1909 ταῦτα
821 1846 949 1928 ἔχοντα·
972 1845 1078 1908 πάντα
1100 1844 1163 1928 γὰρ

161 1947 223 2033 έμά
251 1943 294 2032 ἦν
323 1948 365 2014 ἀν
394 1950 433 2014 τά
462 1960 528 2014 τῶν
558 1951 683 2031 ἀλλων,
713 1947 746 2025 ές
772 1949 853 2014 ὅσον
882 1948 1029 2032 ἀνοίγειν
1050 1971 1085 2012 τε
1108 1949 1164 2024 τὰς

160 2055 269 2137 θύρας
291 2051 461 2138 έδυνύμην
483 2053 537 2118 καὶ
555 2056 713 2136 κοιμίζειν
730 2057 808 2130 τοὺς
825 2056 974 2138 φύλακας
991 2051 1045 2118 καλ
1064 2052 1164 2118 ἀθέα-

160 2183 217 2236 τος
245 2155 331 2225 εἷναι
359 2161 480 2224 εἰσιών.
525 2161 556 2223 εἰ
582 2157 622 2223 δέ
645 2183 677 2224 τι
700 2158 736 2224 έν
755 2155 873 2236 Ἰνδοῖς
894 2159 915 2243 ἣ
933 2149 1198 2244 Ἱπερβορέοιςι

163 2264 274 2348 θέαμα
302 2263 490 2348 παράδοξον
519 2263 539 2346 ἢ
569 2273 673 2348 κτῆμα
699 2267 808 2347 τίμιον
835 2263 855 2347 ἢ
879 2265 940 2330 όσα
963 2264 1121 2349 ἐμφαγεῖν
1143 2263 1164 2347 ἢ

161 2381 250 2435 πιεῖν
276 2367 374 2452 ἡδέα,
401 2369 442 2434 ού
468 2369 773 2453 μεταστειλάμενος,
800 2367 870 2434 ἀλλ’
897 2371 995 2446 αὐτὸς
1019 2369 1165 2434 ἐπιπετό-

55 2497 60 2511 ·
164 2497 262 2559 μενος
285 2473 450 2540 ἀπέλαυον
473 2474 515 2540 ἀν
538 2473 691 2540 ἁπάντων
714 2474 747 2551 ές
769 2477 881 2560 κόρον·
912 2473 966 2540 καὶ
989 2473 1057 2539 ἐπεὶ
1075 2477 1164 2559 γρὺψ

162 2580 350 2664 ὑπόπτερον
372 2583 494 2664 θηρίον
517 2579 538 2663 ἢ
560 2578 670 2664 φοῖνιξ
695 2582 813 2666 ὄρνεον
836 2579 872 2644 ἐν
887 2577 1004 2656 Ἰνδοῖς
1022 2579 1164 2646 ἀθέατον

162 2695 231 2760 τοῖς
253 2685 376 2767 ἀλλοις,
399 2683 462 2766 ἐγὼ
486 2679 523 2748 δὲ
545 2683 600 2749 καλ
622 2695 718 2750 τοῦτο
742 2683 855 2770 ἑώρων
878 2686 931 2768 ἀν,
954 2683 1008 2749 καὶ
1030 2686 1087 2760 τὰς
1103 2705 1164 2768 πη-

163 2789 223 2870 χάς
246 2784 283 2852 δὲ
305 2790 362 2865 τὰς
383 2792 509 2853 Νείλου
534 2791 635 2872 μόνος
658 2789 699 2854 ἀν
721 2789 906 2873 ἠπιστάμην
928 2787 983 2854 καὶ
1006 2789 1086 2855 ὅσον
1109 2799 1165 2874 τῆς

163 2902 224 2976 γῆς
246 2892 416 2977 ἀοίκητον,
442 2891 497 2958 καὶ
520 2900 554 2958 εί
571 2917 658 2970 τινες
681 2893 853 2970 ἀντίποδες
874 2894 953 2978 ἡμῖν
977 2896 1105 2960 οἰκοῦσι
1127 2897 1165 2961 τὸ

162 3001 276 3064 νότιον
298 3007 354 3082 της
376 3006 435 3082 γῆς
457 2998 618 3083 ἡμίτομον
641 3002 776 3084 ἔχοντες.
814 3002 861 3064 έτι
885 2995 921 3064 δέ
943 2997 998 3064 καλ
1019 2999 1165 3085 ἀστέρων

164 3104 268 3187 φύσιν
290 3101 345 3168 καὶ
368 3107 507 3187 σελήνης
528 3102 584 3168 καὶ
606 3104 709 3170 αὐτοῦ
731 3104 827 3187 ἡλίου
851 3105 973 3191 ῥηιδίως
995 3107 1101 3188 ἔγνων
1124 3105 1166 3170 ἀν

165 3206 297 3292 ἀπαθὴς
320 3209 367 3273 ὢν
390 3209 434 3295 τῷ
458 3213 549 3292 πυρί,
571 3208 681 3275 καὶτὸ
700 3210 999 3294 πάντωνῆδιστον,
1021 3209 1166 3293 αὐθημε-

164 3315 225 3397 ρὸν
248 3311 397 3396 ἀγγεῖλαι
420 3313 453 3391 ἐς
469 3317 666 3398 Βαβυλῶνα,
689 3319 737 3391 τίς
754 3313 904 3398 ἐνίκησεν
920 3311 1089 3398 Ὀλύμπια,
1111 3312 1166 3379 καὶ

164 3415 394 3501 ἀριστήσαντα,
417 3420 448 3482 εί
468 3419 572 3504 τύχοι,
595 3418 632 3484 ἐν
655 3422 764 3506 Συρίᾳ
787 3421 960 3503 δειπνῆσαι
983 3417 1019 3483 έν
1039 3413 1166 3506 Ἰταλίᾳ.

163 3525 195 3587 εί
222 3519 262 3586 δέ
286 3546 336 3599 τις
363 3522 483 3608 έχθρὸς
509 3530 576 3607 εἴη,
605 3522 796 3608 ἀμύνασθαι
822 3523 877 3590 καὶ
903 3533 1021 3590 τοῦτον
1049 3523 1085 3590 έκ
1106 3536 1200 3591 τοῦο
