2722 4028
234 169 254 234 6
591 173 627 226 Π.
646 168 827 230 ΞΕΝΟΦΩΝ.

269 329 358 394 ’Τῶν
380 331 493 395 πόνων
514 334 682 396 πωλοῦσιν
700 330 779 414 ἡμῖν
795 331 901 396 πάντα
918 327 1035 413 τάγάθ’
1054 331 1089 396 οί
1103 329 1203 396 θεοί.’

198 431 288 499 mal
306 436 472 519 Πρόδικος
495 430 526 498 δ’
549 435 566 501 δ
591 436 693 520 σοφὸς
714 434 751 500 έν
772 443 817 523 τῷ
841 435 1067 520 συγγράμματι
1087 444 1132 524 τῷ
1156 435 1235 521 περὶ

228 537 438 626 Ἡρακλέους,
461 540 539 626 ὅπερ
559 541 599 624 δὴ
618 537 672 605 καί
690 544 853 617 πλείστοις
871 541 1102 624 ἐπιδείκνυται,
1124 541 1234 606 ὡσαύ-
1334 566 1335 634 ρ

232 667 296 721 τως
316 642 391 727 περὶ
408 653 464 728 τῆς
481 643 596 730 ἀρετῆς
613 643 838 730 ἀποφαίνεται,
861 640 928 710 ὧδέ
942 666 1013 722 πως
1030 643 1147 730 λέγων,
1169 646 1234 712 ὅσα

234 748 297 832 ἐγὼ
325 748 497 834 μέμνημαι.
542 747 623 835 φησὶ
649 752 712 836 γὰρ
735 748 914 836 Ἡρακλέα,
944 748 1013 815 ἐπεὶ
1040 749 1077 816 ἐκ
1102 753 1234 817 παίδων

233 856 280 930 είς
296 855 382 939 ἥβην
400 855 541 941 ὡρμᾶτο,
559 853 597 920 έν
615 848 635 941 ἦ
655 856 691 921 οί
704 853 775 921 νέοι
793 857 855 939 ἤδη
870 856 1106 942 αὐτοκράτορες
1119 860 1234 940 γιγνό-

233 983 327 1044 μενοι
354 961 528 1044 δηλοῦσιν,
555 967 619 1027 είτε
646 963 706 1046 την
734 959 777 1026 δι’
808 961 922 1048 άρετης
949 962 1030 1029 ὁδὸν
1057 959 1234 1048 τρέψονται

233 1063 286 1130 ἐπὶ
308 1067 366 1132 τὸν
388 1069 463 1149 βίον
485 1072 550 1131 εῖτε
572 1068 632 1150 τὴν
655 1067 711 1132 διὰ
733 1069 860 1149 κακίας,
886 1065 1062 1145 ἐξελθόντα
1085 1068 1131 1143 είς
1152 1067 1234 1150 ησυ-
1337 1102 1338 1110 1

233 1173 308 1254 γίαν
323 1177 493 1255 καθῆσθαι
506 1170 704 1256 ἀποροῦντα,
722 1170 863 1257 ποτέραν
876 1182 943 1236 τῶν
957 1172 1046 1239 ὁδῶν
1059 1173 1232 1258 τράπηται·

198 1273 288 1340 3καὶ
316 1284 460 1360 φανῆναι
489 1276 576 1364 αὐτῷ
608 1278 669 1342 δύο
698 1287 855 1360 γυναῖκας
881 1276 1053 1363 προσιέναι
1079 1277 1234 1362 μεγάλας,

232 1381 293 1463 τὴν
315 1377 376 1464 μέν
394 1378 507 1468 ἑτέραν
525 1381 669 1468 εὐπρεπῆ
687 1380 715 1447 τ’
737 1383 821 1448 ίδεῖν
838 1384 893 1447 καί
912 1381 1103 1467 ἐλευθέριον
1121 1382 1234 1466 φύσει,
1339 1467 1340 1478 ¹

232 1484 478 1570 κεκοσμημένην
494 1488 532 1553 τὸ
546 1483 607 1571 μέν
620 1498 734 1574 χρῶμα
746 1491 988 1574 καθαρειότητι,
1005 1488 1045 1552 τὰ
1060 1483 1090 1552 δ’
1104 1489 1235 1571 ὄμματα

233 1591 333 1674 αίδοῖ,
357 1592 394 1655 τὸ
417 1587 455 1656 δὲ
477 1601 583 1677 σχῆμα
606 1593 817 1679 σωφροσύνη,
840 1590 954 1675 ἐσθῆτι
977 1587 1015 1656 δέ
1037 1596 1148 1677 λευκῇ,
1171 1593 1236 1676 τὴν

233 1691 263 1760 δ’
296 1693 408 1781 ἑτέραν
437 1695 666 1783 τεθραμμένην
695 1694 756 1781 μὲν
784 1700 831 1774 είς
859 1700 1084 1782 πολυσαρκίαν
1112 1720 1147 1762 τε
1177 1695 1235 1762 καὶ

233 1799 432 1886 ἁπαλότητα,
458 1799 766 1886 κεκαλλωπισμένην
789 1797 826 1866 δὲ
848 1804 886 1867 τὸ
909 1797 969 1885 μέν
991 1811 1121 1888 χρῶμα,
1149 1802 1235 1867 ὥστε

233 1904 428 1990 λευκοτέραν
453 1929 488 1971 τε
514 1905 569 1972 καὶ
597 1905 820 1992 ἐρυθροτέραν
842 1917 902 1972 τοῦ
924 1908 1020 1983 ὄντος
1041 1910 1235 1992 φαίνεσθαι,

232 2011 268 2076 τὸ
288 2006 325 2075 δέ
343 2018 460 2095 σχῆμα,
482 2012 564 2076 ὥστε
584 2013 695 2078 δοκεῖν
714 2010 897 2096 ὀρθοτέραν
914 2021 971 2096 τῆς
987 2013 1117 2097 φάσεως
1134 2007 1235 2097 εἶναι,

231 2116 271 2180 τά
295 2111 331 2179 δὲ
353 2113 469 2198 ὄμματ’
491 2119 576 2202 ἔχειν
599 2115 858 2200 ἀναπεπταμένα,
883 2116 1005 2200 ἐσθῆτα
1028 2115 1057 2181 δ’
1079 2116 1111 2195 έξ
1133 2112 1173 2200 ἧς
1191 2116 1235 2183 ἂν

196 2220 371 2304 λμάλιστα
400 2219 420 2303 ἡ
450 2221 518 2307 ὥρα
548 2223 739 2306 διαλάμποι·
769 2229 1044 2288 κατασκοπεῖσθαι
1074 2219 1111 2286 δὲ
1139 2224 1234 2307 θαμὰ

233 2323 362 2408 ἑαυτήν,
385 2324 572 2392 ἐπισκοπεῖν
595 2323 632 2392 δέ
655 2331 721 2410 καί,
744 2333 778 2391 εί
794 2350 843 2403 τις
865 2328 964 2403 άλλος
982 2326 1085 2410 αὐτὴν
1102 2333 1235 2412 θεᾶται,

231 2430 387 2507 πολλάκις
410 2427 447 2496 δὲ
468 2430 522 2496 καὶ
545 2434 591 2509 είς
612 2434 673 2516 τὴν
696 2429 812 2516 ἑαυτῆς
834 2433 931 2498 σκιὰν
949 2431 1154 2516 ἀποβλέπειν.
1188 2432 1235 2509 ὡς

231 2532 264 2600 δ’
299 2532 449 2618 ἐγένοντο
481 2541 712 2623 πλησιαίτερον
743 2547 802 2602 τοῦ
829 2533 1047 2621 Ἡρακλέους,
1077 2537 1138 2620 την
1170 2532 1234 2619 μὲν

229 2642 378 2727 πρόσθεν
408 2641 569 2726 ῥηθεῖσαν
601 2641 685 2707 ίέναι
716 2643 774 2708 τὸν
806 2641 907 2707 αὐτὸν
936 2644 1075 2728 τρόπον,
1105 2642 1166 2724 την
1198 2637 1229 2706 δ’

232 2743 344 2830 ἑτέραν
371 2746 498 2830 φθάσαι
525 2745 731 2832 βουλομένην
758 2748 981 2832 προσδραμεῖν
1008 2755 1052 2832 τῷ
1076 2743 1238 2830 Ἡρακλεῖ

230 2847 284 2914 καὶ
307 2853 424 2916 είπεῖν·
460 2849 555 2936 “ορῶ
579 2869 631 2935 σε,
654 2848 881 2938 ὧἩράκλεις,
905 2851 1107 2937 ἀποροῦντα,
1131 2853 1234 2915 ποίαν

231 2956 312 3022 ὁδὸν
334 2953 386 3020 ἐπὶ
408 2959 466 3023 τὸν
488 2961 563 3040 βίον
585 2957 700 3044 τράπη.
737 2956 794 3022 έδιν
817 2953 879 3024 οὖν
903 2953 959 3041 ἐμὲ
976 2961 1078 3041 φίλην
1095 2957 1235 3040 ποιησά-

229 3085 327 3145 μενος
354 3061 430 3147 ἕπη,
456 3063 517 3145 την
543 3061 681 3146 ἡδίστην
708 3086 742 3128 τε
766 3060 820 3127 καὶ
843 3059 968 3149 ῥᾴστην
992 3062 1072 3128 ὁδὸν
1094 3059 1160 3138 άξω
1184 3077 1234 3143 σε,

229 3163 284 3230 καὶ
310 3177 376 3231 τῶν
404 3164 464 3251 μέν
486 3179 634 3254 τερπνῶν
657 3168 794 3244 οὐδενὸς
817 3169 974 3250 ἄγευστος
997 3169 1079 3250 ἔσει,
1105 3177 1171 3230 τῶν
1196 3163 1234 3230 δέ

195 3290 211 3338 ε
230 3275 380 3356 χαλεπῶν
403 3274 535 3358 άπειρος
554 3274 732 3357 διαβιώσει.
768 3283 899 3358 πρῶτον
918 3269 1059 3356 μὲνγὰρ
1078 3270 1118 3336 οὐ
1136 3267 1234 3335 πολέ-

228 3400 301 3460 μων
332 3373 411 3442 οὐδέ
441 3378 640 3464 πραγμάτων
672 3388 856 3464 φροντιεῖς,
892 3376 973 3442 ἀλλὰ
1006 3375 1232 3458 σκοπούμενος

229 3480 434 3566 διατελέσεις,
453 3486 488 3548 τί
501 3482 542 3546 ἂν
556 3481 792 3568 κεχαρισμένον
806 3480 827 3564 ἢ
841 3484 947 3546 σιτίον
960 3479 981 3563 ἣ
995 3482 1097 3546 ποτὸν
1111 3479 1234 3564 εὕροις,
