2722 4028
210 209 254 273 20
548 212 594 264 VI.
613 211 869 264 Πκοενεεεοε.

211 379 279 450 σῶν
303 368 430 456 ἐμαυτῷ
452 371 573 452 νομίζω
596 371 787 454 προσήκειν·
819 369 918 452 τιμήν
936 364 974 432 δέ
991 369 1051 452 τήν
1069 363 1136 451 μετ’
1156 361 1219 449 ἐμὲ

210 486 279 551 τοῖς
297 474 452 559 ἀδελφοῖς
469 472 616 559 φυλάξω,
639 472 742 561 Ξέρξη
762 470 799 538 δέ
816 475 933 561 πρώτῳ
952 483 1018 538 τῶν
1037 470 1216 556 άδελφῶν.’

176 597 192 644 3
212 578 281 644 ἐπεὶ
300 577 337 645 δὲ
355 579 375 663 ή
394 585 500 665 κρίσις
517 577 643 663 ἐνέστη,
666 577 793 664 Πέρσαι
811 575 871 662 μὲν
886 575 1099 663 Ἀρτάβανον,
1116 575 1217 641 άδελ-

211 687 278 769 φδν
302 687 381 751 ὄντα
401 687 559 769 Δαρείου,
582 685 738 768 δικαστήν
761 682 944 768 ἀπέφηναν,
966 683 1066 761 δόξαν
1089 682 1215 764 αὐτοῖς,

212 789 334 875 Ξέρξης
363 786 393 854 δ’
425 792 563 874 ἔφευγεν
593 787 642 854 ἐπ’
675 787 802 854 έκείνου
832 794 988 874 κραθῆναι
1017 796 1061 874 τςό
1091 790 1214 870 πλήθει

211 895 387 972 πεποιθώς.
424 893 566 959 ’Ἀτοσσα
589 889 626 958 δὲ
648 894 668 976 ή
692 896 796 979 μήτηρ
820 891 997 975 ἐπέπληξεν
1019 871 1120 979 αὐτῷ·
1157 891 1219 955 ‘To'

212 1001 344 1085 φεύγεις
367 997 585 1084 Ἀρτάβανον,
612 994 637 1063 ὦ
664 1010 739 1082 παῖ,
765 1006 861 1064 θεῖον
889 1000 967 1063 ὄντα
993 995 1048 1062 καί
1071 1001 1214 1082 Περσῶν

213 1106 361 1190 άριστον;
384 1108 419 1169 τί
438 1100 475 1168 δέ
498 1104 601 1180 οὕτως
622 1106 681 1169 τὸν
704 1103 814 1188 ἀγῶνα
837 1101 998 1186 δέδοικας,
1021 1101 1058 1167 ἐν
1080 1095 1106 1190 ᾧ
1129 1103 1214 1167 καλά

212 1209 267 1274 καὶ
285 1211 324 1274 τά
339 1211 518 1294 δευτερεῖα,
535 1214 677 1295 Περσῶν
690 1207 850 1294 βασιλέως
864 1209 1009 1293 άδελφὸν
1023 1207 1212 1292 κληθήναι;’

212 1313 404 1391 πεισθέντος
435 1310 497 1380 οὖν
524 1313 647 1398 Ξέρξου
674 1313 729 1379 καὶ
755 1312 943 1398 γενομένων
970 1317 1078 1397 λόγων
1101 1310 1213 1398 Ἀρτά-

212 1425 313 1504 βανος
335 1416 395 1504 μέν
418 1419 605 1504 ἀπεφήνατο
625 1419 729 1505 Ξέρξη
751 1422 812 1503 τήν
834 1422 1004 1504 βασιλείαν
1022 1420 1212 1504 προσήκειν·

210 1523 402 1610 Ἀριαμένης
420 1522 450 1589 δ’
469 1525 572 1602 εὐθὺς
586 1525 797 1610 ἀναπηδήσας
809 1526 1033 1611 προσεκύνησε
1047 1526 1105 1589 τὸν
1119 1523 1213 1587 άδελ-

121 1715 123 1721 Ι
212 1633 278 1715 φὸν
300 1633 354 1695 καί
378 1634 557 1715 λαβόμενος
579 1641 635 1715 τής
658 1629 765 1710 δεξιάς
787 1633 833 1706 είς
855 1631 914 1695 τὸν
933 1633 1061 1714 θρόνον
1080 1629 1213 1694 ἐκάθισε

213 1738 272 1801 τὸν
293 1739 470 1820 βασίλειον.
515 1736 551 1801 ἐκ
572 1738 691 1802 τούτου
713 1734 864 1820 μέγιστος
886 1731 928 1818 ήν
950 1731 1026 1818 παρ’
1049 1732 1213 1820 αὐτῷκαὶ

213 1851 367 1927 παρεῖχεν
395 1843 517 1907 εὔνουν
541 1839 671 1907 ἑαυτόν·
709 1842 790 1905 ὥστε
815 1840 996 1925 ἀριστεύων
1019 1839 1055 1904 ἐν
1076 1849 1115 1924 τή
1138 1837 1214 1923 περὶ

214 1951 387 2030 Σαλαμῖνα
409 1950 574 2034 ναυμαχία
595 1957 707 2011 πεσεῖν
730 1941 812 2030 ὑπὲρ
834 1955 892 2030 τῆς
914 1945 1041 2010 ἐκείνου
1065 1945 1168 2028 δόξης.

179 2072 196 2118 4
285 2056 388 2118 Τοῦτο
407 2049 467 2136 μέν
486 2047 547 2117 οὖν
566 2053 674 2136 ὥσπερ
693 2049 875 2136 ἀρχέτυπον
893 2050 1051 2115 ἐκκείσθω
1064 2052 1214 2134 καθαρὸν

214 2156 269 2222 καὶ
287 2156 461 2241 άμάμητον
475 2157 643 2241 εὐμενείας
656 2155 710 2222 καί
724 2156 1024 2241 μεγαλοφροσύνης.
1044 2152 1213 2240 Ἀντιόχου

214 2259 252 2327 δὲ
269 2264 330 2346 τήν
348 2258 409 2346 μὲν
427 2265 603 2348 φιλαρχίαν
621 2261 749 2340 ψέξειεν
767 2263 809 2326 άν
827 2281 888 2338 τις·
912 2261 962 2326 ὅτι
981 2257 1017 2325 δέ
1036 2261 1076 2326 ού
1094 2261 1215 2325 παντά-

214 2384 315 2434 πασιν
344 2368 425 2453 αὕτη
452 2370 489 2434 τὸ
516 2368 722 2452 φιλάδελφον
748 2366 973 2451 ἐνηφανίσθη,
1001 2367 1214 2450 θαυμάσειεν.

215 2472 364 2557 ἐπολέμει
383 2471 443 2557 μέν
461 2475 524 2558 γάρ
542 2471 624 2556 ὑπὲρ
640 2477 875 2557 τήςβασιλείας
889 2473 1043 2559 Σελεύκῳ
1056 2473 1216 2556 νεώτερος

215 2581 263 2645 ὢν
295 2579 436 2664 ἀδελφὸς
467 2578 522 2644 καὶ
552 2581 612 2663 τήν
641 2576 762 2663 μητέρα
790 2578 1087 2661 συλλαμβάνουσαν
1113 2573 1215 2662 εἶχεν·

215 2685 414 2768 ἀκμάζοντος
441 2681 478 2749 δὲ
503 2689 562 2750 τοῦ
584 2682 729 2768 πολέμου
753 2683 859 2768 μάχην
883 2683 900 2748 ὁ
924 2680 1087 2758 Σέλευκος
1109 2683 1216 2747 Γαλά-

214 2815 286 2867 ταις
308 2791 457 2868 συνάψας
478 2787 533 2854 καί
555 2787 706 2872 ήττηθελς
729 2788 878 2870 οὐδαμοῦ
901 2787 1042 2872 φανερὸς
1064 2781 1117 2870 ήν,
1140 2783 1210 2851 ἀλλ’

216 2895 307 2973 ἔδοξε
330 2895 504 2978 τεθνάναι,
526 2895 631 2978 πάσης
653 2894 736 2977 ὁμοῦ
758 2917 790 2958 τι
812 2901 868 2976 τῆς
890 2901 1041 2976 στρατιᾶς
1062 2891 1127 2958 ὑπὸ
1149 2902 1216 2957 τῶν

181 3001 393 3086 σβαρβάρων
420 3003 660 3082 κατακοπείσης.
704 3001 893 3082 πυθόμενος
920 2991 982 3063 οὖν
1009 2997 1027 3062 ὁ
1051 2993 1218 3082 Ἀντίοχος

216 3108 277 3191 τήν
304 3105 479 3190 πορφύραν
506 3107 605 3188 έθηκε
629 3103 684 3169 καὶ
706 3106 807 3188 φαιὸν
831 3103 960 3188 ίμάτιον
983 3105 1079 3186 ἔλαβε
1100 3101 1154 3167 καὶ
1176 3104 1217 3168 τά

216 3217 366 3298 βασίλεια
388 3213 517 3285 κλείσας
540 3209 671 3274 ἐπένθει
688 3211 748 3275 τὸν
767 3209 926 3294 ἀδελφόν
949 3209 1049 3297 ὀλίχφ
1069 3203 1106 3272 δὲ
1123 3208 1217 3273 ύστε-

217 3342 278 3405 ρον
305 3316 461 3400 ἀκούσας,
488 3315 539 3379 ὅτι
567 3311 700 3402 σφ’ζεται
726 3312 780 3378 καὶ
808 3315 950 3398 δύναμιν
977 3308 1075 3390 αὖθις
1103 3310 1217 3397 ἑτέραν

217 3424 380 3510 ἀθροίζει,
406 3419 475 3502 τοῖξ
501 3443 534 3486 τε
557 3427 649 3498 θεοῖς
672 3423 771 3486 ἐθυσε
793 3421 969 3506 προελθὼν
991 3417 1045 3484 καὶ
1067 3430 1137 3495 ταῖς
1158 3422 1218 3484 πό-

218 3535 309 3594 λεσιν
339 3522 386 3593 ὧν
414 3523 492 3613 ήρχε
521 3527 620 3592 θύειν
646 3523 700 3591 καὶ
728 3535 990 3610 στεφανηφορεῖν
1018 3523 1217 3608 έπήχχειλεν.
