2722 4028
207 242 251 306 54
534 247 606 297 τινι,
624 244 881 297 Πεοννιειοπ.

170 418 186 466 3
205 404 267 484 γὸν
279 404 392 480 αὐτοῖς
411 403 511 481 δόξαν
526 405 632 486 ἤθους
654 405 863 488 προστίθησι.
905 399 1121 489 πειθαρχικὸν
1144 397 1210 480 γάρ

204 506 225 589 ἡ
248 510 371 592 νεότης,
393 507 594 592 ἡγεμονικὸν
617 503 654 572 δὲ
677 510 713 588 τὸ
736 517 848 592 γῆρας,
871 505 925 571 καὶ
949 507 1089 590 μάλιστα
1112 504 1179 590 σῴζ
1195 541 1210 550 -

207 635 260 676 ται
283 615 393 694 πόλις,
938 637 940 643 ’

229 715 348 782 <Ἔνθα
375 716 493 802 βουλαὶ
521 721 688 802 γερόντων
714 716 769 782 καλ
792 715 878 783 νέων
902 716 1035 801 ἀνδρῶν
1059 714 1210 799 ἀριστεύ-

790 839 887 888 ουσιν
910 819 1048 906 αίχμαί·’

208 926 323 994 καὶτὸ

288 1032 431 1118 ”Βουλην
454 1030 490 1098 δὲ
513 1045 643 1118 πρῶτον
666 1034 869 1116 μεγαθύμων
893 1023 936 1110 ἷζε
960 1034 1125 1116 γερόντων

289 1136 455 1222 Νεστορέῃ
477 1138 565 1223 παρά
588 1136 657 1222 νηλ’

52 1245 55 1253 '
173 1249 404 1326 4θαυμαστῶς
431 1242 617 1307 ἐπαινεῖται.
663 1244 716 1307 διὸ
743 1245 804 1326 τὴν
831 1238 892 1325 μὲν
922 1241 958 1306 ἐν
985 1243 1209 1323 Λακεδαίμονι

208 1347 489 1432 παραζευχθεῖσαν
517 1347 767 1433 ἀριστοκρατίαν
789 1359 858 1422 τοῖς
880 1350 1073 1430 βασιλεῦσιν
1096 1347 1113 1411 ὁ
1138 1346 1209 1410 Πύ-

208 1459 284 1530 θιος
306 1452 567 1538 Πρεσβυγενίας,
590 1454 608 1518 ὁ
632 1450 669 1518 δὲ
691 1457 886 1536 Λυκοῦργος
908 1454 1063 1537 άντικρυς
1086 1454 1209 1536 Γερον-

211 1562 286 1623 σίαν
315 1557 502 1641 ὠνόμασεν·
539 1559 559 1642 ἡ
588 1555 625 1624 δὲ
642 1556 810 1641 Ῥωμαίων
837 1558 1017 1641 σύγκλητος
1044 1558 1118 1641 άχρι
1146 1565 1210 1622 νῦν

210 1667 365 1748 γερουσία
391 1669 545 1729 καλεῖται.
590 1663 645 1728 καὶ
668 1665 816 1748 καθάπερ
841 1663 858 1729 ὁ
882 1665 983 1746 νόμος
1004 1665 1041 1728 τὸ
1065 1662 1210 1745 διάδημα

209 1765 344 1834 καὶτὸν
368 1767 532 1854 στέφανον
539 1820 548 1853 ,
576 1770 662 1834 οὕτω
685 1771 747 1852 τὴν
769 1769 889 1834 πολιάν
911 1767 931 1850 ἡ
955 1768 1054 1852 φύσις
1077 1769 1210 1850 ἔντιμον

210 1873 409 1957 ἡγεμονικοῦ
431 1875 599 1958 σύμβολον
621 1873 800 1958 ἀξιώματος
819 1873 993 1956 ἐπιτίθησι.
1025 1871 1137 1938 καὶτὸ
1157 1871 1210 1954 γί-

211 2002 281 2064 ρας,
308 1973 413 2062 οἶμαι,
440 1977 495 2043 καλ
521 1981 558 2044 τὸ
587 1983 752 2064 γεραίρειν
781 1981 886 2061 ὄνομα
914 1980 1035 2061 σεμνὸν
1058 1976 1121 2042 άπὸ
1144 1988 1211 2040 τῶν
1342 1993 1343 2064 ξ

210 2087 377 2169 γερόντων
399 2087 579 2169 γενόμενον
603 2082 764 2167 διαμένει,
790 2084 850 2169 οὐχ
874 2084 923 2148 ὅτι
946 2087 1210 2166 θερμολουτοῦσι
1342 2069 1343 2074 ¹

212 2187 266 2254 καὶ
277 2191 479 2255 καθεύδουσι
492 2191 733 2274 μαλακώτερον,
746 2187 816 2253 ἀλλ’
829 2189 872 2265 ὡς
883 2189 1056 2272 βασιλικὴν
1069 2187 1211 2272 ε’χόντων
1342 2227 1343 2232 1

211 2293 303 2372 τάξιν
326 2292 363 2358 ἐν
385 2306 455 2370 ταῖς
476 2297 591 2359 πόλεσι
613 2293 693 2358 κατά
715 2294 775 2376 τὴν
793 2295 968 2377 φρόνησιν,
991 2286 1039 2373 ἧς,
1062 2291 1211 2376 καθάπερ

213 2399 398 2484 ὀψικάρπου
425 2409 547 2483 φυτοῦ,
574 2400 611 2464 τὸ
640 2399 762 2462 οἰκεῖον
790 2396 918 2480 ἀγαθὸν
945 2393 999 2461 καὶ
1026 2394 1151 2461 τέλειον
1175 2395 1212 2460 ἐν
1342 2445 1343 2458 ,

177 2507 298 2591 σγήρᾳ
320 2507 413 2587 μόλις
431 2503 451 2586 ἡ
470 2504 570 2587 φύσις
588 2502 779 2567 ἀποδίδωσι.
814 2503 871 2567 τὸν
890 2511 973 2584 γοῦν
991 2498 1126 2584 βασιλέα
1144 2512 1213 2565 τῶν
1342 2569 1343 2572 ¹

211 2609 374 2694 βασιλέων
397 2609 575 2692 εὐχόμενον
597 2619 665 2684 τοῖς
687 2613 797 2684 θεοῖς·
1342 2585 1343 2604 ¹

263 2716 431 2781 “Τοιοῦτοι
454 2711 532 2777 δέκα
555 2736 610 2796 μοι
635 2713 889 2798 συμφράδμονες
912 2706 979 2776 εἷεν
998 2707 1161 2794 Ἀχαιῶνζ

211 2813 282 2897 οἷος
303 2816 346 2904 ἦν
368 2819 386 2884 ὁ
409 2804 564 2900 Νέστωρ,
587 2815 697 2893 οὐδεὶς
720 2817 883 2900 ἐμέμψατο
909 2815 986 2879 ’τῶν
1008 2813 1134 2898 άρηίων
1158 2813 1213 2878 καὶ

213 2924 312 3008 μένεα
341 2927 509 2988 πνεόντων
534 2920 694 3006 Ἀχαιῶύ,
725 2922 808 2987 άλλόι
837 2921 1047 3004 συνεχώρουν
1075 2921 1215 2996 ἅπαντες

212 3030 273 3096 οὐκ
296 3029 333 3094 ἐν
354 3032 501 3115 πολιτείᾳ
523 3032 643 3111 μόνον,
670 3025 830 3092 ἀλλὰκαὶ
853 3026 889 3092 ἐν
913 3023 1046 3112 πολέμῳ
1069 3024 1214 3108 μεγάλην

211 3139 298 3221 ἔχειν
322 3135 428 3219 ῥοπὴν
451 3137 487 3200 τὸ
510 3143 622 3218 γῆρας.

314 3240 442 3324 “Σοφὸν
465 3239 527 3323 γάρ
550 3239 587 3302 ’ἐν
609 3239 776 3322 βούλευμα
798 3239 855 3314 τάς
877 3237 1000 3312 πολλάς
1023 3233 1120 3320 χέρας

314 3343 414 3430 νικᾷ’,

210 3449 265 3516 καλ
293 3453 350 3533 μία
377 3451 490 3533 γνώμη
519 3452 620 3532 λόγον
644 3451 763 3532 ἔχουσα
786 3445 841 3512 καλ
864 3447 973 3511 πειθὼ
997 3447 1036 3511 τὰ
1058 3445 1216 3510 κάλλιστα

211 3554 266 3620 καὶ
289 3553 423 3637 μέγιστα
446 3554 675 3636 διαπράττεται
698 3563 764 3617 τῶν
787 3563 919 3617 κοινῶν.
