2722 4028
204 243 247 306 56
523 245 608 298 xv11.
627 244 885 296 Πλοτνεωιοω.

205 400 317 486 μένοις
342 398 425 487 μηδὲ
455 410 500 489 τῷ
525 400 772 486 συμπλέκεσθαι
794 401 850 467 καὶ
873 404 1067 487 διερεθίζειν
1090 400 1210 486 ἀποχα-

205 513 361 574 λινοῦντα
385 509 445 592 τὴν
462 509 545 592 πρὸς
562 507 664 572 αὐτὸν
682 509 765 572 αίδῶ
784 518 850 572 τῶν
867 506 954 573 νέων
973 503 1055 592 μηδὲ
1073 504 1212 591 μελέτην

207 613 406 696 ἐμποιοῦντα
437 611 490 676 καὶ
524 616 708 696 συνήθειαν
738 611 909 690 ἀπειθείας
939 611 991 678 καὶ
1023 614 1214 696 δυσηκοΐας,

207 717 290 782 ἀλλά
313 716 367 783 καὶ
388 716 544 804 παριέντα
566 715 645 784 ποτὲ
667 716 722 783 καὶ
746 719 883 783 διδόντα
905 720 987 804 πρὸς
1009 717 1109 796 δόξαν
1131 716 1213 782 ἀνα-

207 826 350 908 χαιτίσαι
375 821 430 888 καὶ
456 823 702 907 θρασύνεσθαι,
729 820 813 907 μηδὲ
835 826 982 908 παρόντα
1005 819 1087 908 μηδὲ
1109 827 1212 888 πολυ-

206 938 477 1013 πραγμονοῦντα,
507 928 591 993 ὅπου
618 951 655 1010 γε
682 929 727 1012 μὴ
756 927 839 1012 μέγα
866 931 903 994 τὸ
929 930 1213 1012 κινδυνευόμενόν

209 1033 277 1099 ἐστι
305 1036 388 1118 πρὸς
416 1037 580 1118 σωτηρίαν
607 1034 724 1116 κοινὴν
751 1033 771 1117 ἣ
799 1037 836 1099 τὸ
863 1036 965 1100 καλὸν
992 1032 1048 1099 καὶ
1074 1033 1212 1117 πρέπον.

173 1138 277 1204 νέκεῖ
301 1135 337 1204 δὲ
366 1140 428 1225 χρὴ
455 1137 508 1203 καὶ
537 1140 677 1222 μηδενὸς
703 1143 882 1216 καλοῦντος
910 1141 1073 1204 ὠθεῖσθαι
1096 1141 1212 1227 δρόμῳ

208 1245 295 1329 παρά
315 1245 468 1327 δύναμιν,
486 1240 651 1308 ἀναθέντα
669 1257 883 1329 χειραγωγοῖς
900 1243 1001 1310 αὑτὸν
1019 1244 1039 1328 ἢ
1057 1244 1213 1329 φοράδην

208 1352 438 1432 κομιζόμενον·
476 1349 585 1434 ὥσπερ
618 1349 807 1432 ἱστοροῦσιν
839 1348 875 1414 έν
902 1348 1007 1436 Ῥώμη
1039 1351 1213 1414 Κλαύδιον
1342 1379 1343 1430 γ

200 1453 358 1519 Ἄππιον·
393 1453 582 1538 ἡττημένων
611 1455 674 1538 γὰρ
702 1454 767 1519 ὑπὸ
796 1455 935 1540 Πύρρου
962 1456 1047 1540 μάχη
1074 1455 1213 1540 μεγάλη,

208 1561 398 1642 πυθόμενος
435 1561 495 1643 την
532 1560 716 1643 σύγκλητον
753 1557 946 1644 ἐνδέχεσθαι
982 1564 1101 1644 λόγους
1135 1559 1213 1641 περὶ

210 1667 364 1730 σπονδῶν
385 1661 440 1728 καί
463 1666 595 1748 εἰρήνης
618 1665 678 1730 οὐκ
702 1664 881 1749 ἀνασχετὸν
901 1665 1074 1748 ἐποιήσατο
1093 1669 1212 1746 καίπερ

209 1768 394 1854 ἀμφοτέρας
416 1768 649 1853 ἀποβεβληκὼς
670 1770 727 1845 τάς
750 1771 858 1852 όψεις,
881 1769 965 1833 ἀλλά
987 1765 1044 1853 ἧκε
1068 1767 1112 1834 δι’
1132 1769 1212 1853 ἀγο-
1343 1779 1344 1816 ι

210 1885 269 1960 ρᾶς
291 1878 473 1959 φερόμενος
491 1876 572 1956 πρὸς
590 1876 626 1940 τὸ
645 1877 896 1960 βουλευτήριον·
920 1877 1082 1940 εἰσελθὼν
1101 1871 1138 1940 δὲ
1155 1874 1213 1940 καλ
1253 1949 1258 1964 Ι
1343 1943 1344 1946 ,

209 1981 368 2056 καταστὰς
397 1982 443 2056 είς
472 1978 573 2064 μέσον
603 1982 664 2063 ἔφη
694 1983 855 2065 πρότερον
885 1975 946 2063 μέν
973 1982 1137 2064 ἄχθεσθαι
1164 1989 1211 2067 τῷ

210 2097 276 2150 τῶν
306 2084 461 2169 ὀμμάτων
491 2083 683 2170 στέρεσθαι,
715 2095 778 2151 νῦν
809 2082 839 2149 δ’
871 2085 913 2149 ἀν
942 2084 1101 2163 εὔξασθαι
1130 2084 1207 2170 μηδ’

210 2191 343 2256 ἀκούειν
370 2191 475 2267 οὕτως
501 2191 618 2276 αίσχρά
646 2188 700 2254 καὶ
728 2189 849 2273 ἀγεννῆ
873 2190 1135 2275 βουλευομένους
1155 2191 1213 2255 καὶ

209 2295 408 2379 πράττοντας
434 2295 588 2372 ἐκείνους,
634 2295 669 2360 ἐκ
697 2292 733 2360 δὲ
760 2295 879 2360 τούτου
906 2296 945 2360 τά
973 2293 1033 2379 μέν
1060 2297 1212 2373 καθαψά-

210 2425 308 2486 μενος
335 2401 459 2485 αὐτῶν,
485 2403 525 2466 τά
554 2397 590 2466 δέ
614 2399 747 2478 διδάξας
770 2399 824 2465 καὶ
846 2404 1059 2486 παρορμήσας
1082 2404 1212 2466 ἔπεισεν

211 2508 315 2583 εὐθὺς
338 2504 390 2572 έπλ
408 2507 448 2570 τά
470 2507 555 2572 ὅπλα
577 2517 697 2590 χωρεῖν
715 2504 770 2570 καί
789 2507 1043 2588 διαγωνίζεσθαι
1060 2503 1136 2591 περὶ
1153 2515 1212 2589 τῆς

176 2611 345 2689 εἸταλίας
372 2614 454 2696 πρὸς
482 2614 541 2677 τὸν
568 2612 715 2696 Πύρρον.
761 2611 779 2676 δ
810 2607 847 2674 δὲ
874 2614 1011 2692 Σόλων,
1045 2621 1101 2694 τῆς
1131 2616 1210 2676 Πει-

212 2717 386 2802 σιστράτου
422 2718 631 2799 δημαγωγίας
662 2716 711 2780 ὅτι
743 2717 941 2800 τυραννίδος
967 2710 1009 2798 ἦν
1037 2716 1211 2802 μηχάνημα

211 2832 355 2907 φανεράς
377 2819 570 2904 γενομένης,
593 2821 734 2904 μηδενὸς
756 2819 943 2904 ἀμύνεσθαι
966 2816 1048 2904 μηδὲ
1070 2823 1211 2887 κωλύειν

210 2933 410 3012 τολμῶντος,
433 2926 531 3001 αὐτὸς
553 2923 802 3009 ἐξενεγκάμενος
823 2926 863 2990 τά
887 2926 971 2990 ὅπλα
992 2923 1047 2988 καὶ
1069 2928 1132 3010 πρὸ
1155 2937 1211 3010 τῆς

211 3037 315 3110 οίκίας
332 3029 472 3114 θέμενος
490 3029 584 3114 ἠξίου
602 3034 742 3114 βοηθεῖν
760 3033 838 3108 τοῦς
855 3033 1001 3106 πολίτας·
1024 3029 1212 3115 πέμψαντος

212 3136 248 3204 δέ
275 3147 334 3204 τοῦ
358 3137 597 3220 Πεισιστράτου
624 3137 706 3220 πρὸς
733 3135 834 3201 αὐτὸν
862 3133 915 3200 καί
942 3134 1211 3220 πυνθανομένου,

211 3249 277 3310 τίνι
299 3242 467 3317 πεποιθὼς
488 3251 589 3307 ταῦτα
612 3241 758 3325 πράττει·
787 3240 855 3328 ’Τῷ
878 3239 987 3326 γήρρί,
1009 3237 1109 3306 εἶπεν.

177 3368 194 3414 4
274 3345 372 3413 Ἀλλά
399 3349 439 3412 τά
461 3343 522 3432 μὲν
545 3347 649 3423 οὕτως
671 3345 833 3429 ἀναγκαῖα
855 3344 1009 3422 καὶτοὺς
1032 3345 1211 3431 ἀπεσβηκό-

211 3478 267 3531 τας
284 3455 403 3537 κομιδῇ
422 3451 589 3537 γέροντας,
611 3451 653 3517 ἀν
671 3455 777 3536 μόνον
796 3449 990 3535 ἐμπνέωσιν,
1013 3451 1138 3529 ἐξάπτει
1156 3451 1210 3517 καὶ

213 3561 431 3640 διανίστησιν·
456 3557 491 3622 ἐν
510 3554 547 3622 δὲ
565 3569 633 3633 τοῖς
646 3558 758 3633 ἀλλοις
770 3553 848 3620 ποτὲ
862 3555 934 3640 μέν,
953 3556 1060 3642 ὥσπερ
1074 3563 1210 3642 είρηται,
