2722 4028
209 193 253 256 24
546 199 606 250 VII,
625 197 883 250 ΠΔΟΤΤΑΡΧΟΣ.

208 355 269 437 Μὴ
288 354 393 440 γράφε
411 365 479 430 τοῖς
493 353 529 419 έν
540 351 631 442 Ἀσίμ
643 359 766 440 φίλοις,
784 353 868 440 μηδὲ
880 359 957 432 τοὺς
971 354 1024 420 ἀπ’
1042 358 1216 439 Αἰγύπτου

209 459 387 542 ξενολόγει,
410 455 493 542 μηδὲ
510 463 587 536 τοὺς
603 463 840 544 Λαμψακηνῶν
859 459 1003 544 ἐφήβους
1021 462 1215 548 δορυφόρει·

209 561 293 648 μηδὲ
312 565 471 648 διάπεμπε
490 568 626 648 βίβλους
644 575 723 630 πᾶσι
741 564 796 630 καί
813 566 931 642 πάσαις
950 565 1216 651 ἐπιδεικνύμενος

209 671 270 753 τήν
299 674 434 754 σοφίαν,
461 667 546 754 μηδὲ
574 671 752 736 διατάσσου
779 669 857 756 περὶ
880 680 992 755 ταφῆς.
1037 675 1072 737 τί
1095 673 1157 756 γάρ
1180 661 1219 734 αλ

209 773 319 840 κοιναί
345 776 510 860 τράπεζαι;
542 779 577 840 τί
602 773 639 840 δὲ
668 777 705 840 αί
724 786 790 841 τῶν
813 776 1005 860 ἐπιτηδείων
1028 776 1084 842 καὶ
1105 782 1215 842 καλῶν

210 882 362 960 σύνοδοι;
393 884 428 945 τί
448 877 485 944 δὲ
508 881 544 944 αί
563 891 719 946 τοσαῦται
743 881 899 966 μυριάδες
922 885 1042 966 στίχων
1065 880 1118 946 ἐπὶ
1139 885 1215 965 Μη-

209 989 395 1072 τρόδωρον,
418 983 470 1051 ε’πλ
489 984 761 1072 Ἀριστόβουλον,
785 985 837 1052 ε’πλ
861 986 1069 1072 Χαιρέδημον
1092 992 1215 1073 γραφό-

209 1115 306 1174 μεναι
337 1089 391 1156 καί
425 1094 679 1174 συνταττόμεναι
709 1093 911 1174 φιλοπόνως;
942 1091 998 1154 ἵνα
1028 1090 1101 1174 μηδ’
1135 1091 1214 1156 ἀπο-

210 1201 372 1274 θανόντες
399 1197 573 1280 λάθωσιν,
591 1196 612 1280 ἠ
634 1195 676 1260 ἵν’
705 1195 885 1280 ἀμνηστίαν
908 1202 1092 1282 νομοθετῇς
1114 1196 1213 1283 ἀρετῆ

210 1303 266 1368 καὶ
293 1302 454 1390 ἀπραξίαν
475 1302 571 1390 τέχνη
597 1301 651 1367 καὶ
674 1302 801 1384 σιωπήν
823 1306 1005 1388 φιλοσοφίᾳ
1026 1301 1081 1367 καί
1103 1305 1214 1387 λήθην

210 1410 384 1496 εύπραγίρη
915 1453 917 1458 -
1348 1487 1349 1498 ρ

176 1527 193 1574 6
275 1504 352 1570 Ἐἀν
379 1505 419 1572 δέ
437 1531 486 1584 τις
510 1507 545 1572 έν
568 1503 628 1590 μὲν
651 1519 804 1592 φυσικοῖς
826 1511 909 1574 θεὸν
931 1509 1018 1594 ὑμνῆ
1041 1507 1096 1574 καὶ
1120 1511 1217 1593 δίκην
1348 1541 1349 1596 χ

211 1609 267 1678 καὶ
288 1615 466 1696 πρόνοιαν,
492 1612 527 1678 έν
551 1611 581 1677 δ’
603 1613 735 1696 ἠθικοῖς
757 1617 862 1698 νόμον
885 1612 939 1680 καὶ
961 1619 1139 1680 κοινωνίαν
1161 1613 1216 1680 καὶ

211 1720 391 1800 πολιτείαν,
410 1717 446 1782 ἐν
465 1713 501 1781 δὲ
519 1721 665 1804 πολιτείᾳ
679 1719 716 1783 τὸ
730 1721 843 1802 καλόν,
862 1717 945 1784 ἀλλά
959 1720 1003 1802 μή
1017 1721 1078 1802 τήν
1091 1724 1216 1804 χρείαν,
1348 1723 1349 1748 ³

212 1823 268 1886 διά
285 1825 320 1886 τί
335 1823 423 1907 λάθη
437 1823 572 1905 βιώσας;
591 1823 646 1886 ἵνα
660 1820 785 1906 μηδένα
798 1823 972 1908 παιδεύση,
991 1825 1108 1907 μηδενὶ
1123 1829 1216 1907 ζῆλος
1348 1859 1349 1870 ¹

213 1927 327 2013 ἀρετῆς
345 1923 427 2011 μηδὲ
444 1927 650 2011 παράδειγμα
665 1929 767 1993 καλὸν
781 1927 927 2012 γένηται;
951 1931 982 1992 εί
996 1932 1217 2013 Θεμιστοκλῆς
1348 1915 1349 1966 ³

208 2029 407 2117 Ἀθηναίους
426 2031 620 2115 ἐλάνθανεν,
643 2033 704 2097 οὐκ
722 2033 763 2098 ἀν
782 2031 932 2116 ἠἙλλδις
949 2033 1117 2100 ἀπεώσατο
1136 2033 1216 2120 Ξέρ-

212 2137 286 2221 ξην·
319 2139 350 2202 εί
370 2135 548 2222 Ῥωμαίους
575 2137 757 2222 Κάμιλλος,
788 2139 848 2204 οὐκ
877 2139 918 2204 ἀν
948 2136 1094 2224 ἠῬώμη
1122 2143 1217 2218 πόλις

212 2247 355 2326 ἔμεινεν·
379 2245 410 2306 εί
426 2247 542 2308 Δίωνα
561 2244 716 2326 Πλάτων,
740 2244 800 2309 οὐκ
823 2243 864 2309 ἀν
882 2245 1099 2328 ἠλευθερώθη
1117 2245 1137 2328 ἠ
1156 2250 1217 2309 Σι-

211 2353 312 2414 κελία.
358 2349 465 2434 ὥσπερ
489 2347 542 2431 δέ,
572 2344 679 2432 οἶμαι,
708 2351 744 2414 τὸ
768 2359 839 2432 φῶς
862 2349 902 2414 οὐ
925 2352 1029 2433 μόνον
1051 2353 1218 2434 φανεροὺς

212 2454 296 2519 ἀλλά
318 2452 373 2518 καὶ
395 2457 574 2540 χρησίμους
596 2457 793 2537 καθίστησιν
815 2454 899 2538 ἠμᾶς
921 2453 1090 2538 ἀλλήλοις,
1114 2455 1218 2531 οὕτως
1348 2433 1349 2484 ³

212 2559 233 2642 ῆ
248 2570 368 2643 γνῶσις
386 2559 427 2624 ού
445 2562 550 2643 μόνον
569 2558 682 2642 δόξαν,
702 2558 784 2624 ἀλλά
802 2557 857 2624 καὶ
872 2557 991 2645 πρᾶξιν
1004 2570 1075 2636 ταῖς
1089 2559 1218 2646 ἀρεταῖς
1348 2587 1349 2590 ’

213 2667 360 2730 δίδωσιν.
402 2659 666 2747 Ἐιταμεινώνδας
690 2673 773 2746 γοῦν
796 2666 842 2740 είς
864 2667 1124 2749 τεσσαρακοστὸν
1147 2667 1218 2741 ἔτος
1348 2649 1349 2690 ³

212 2767 390 2854 ἀγνοηθεὶς
412 2765 512 2834 οὐδέν
536 2771 641 2853 ὤνησε
666 2772 842 2853 Θηβαίους·
865 2769 1005 2853 ὕστερον
1028 2765 1065 2834 δέ
1086 2786 1217 2836 πιστευ-

147 2873 151 2883 ’
212 2874 286 2953 θεὶς
308 2873 362 2940 καὶ
380 2873 478 2960 ἀρξας
495 2876 555 2958 τήν
574 2871 635 2959 μὲν
653 2877 752 2940 πόλιν
771 2873 1002 2958 ἀπολλυμένην
1021 2878 1133 2959 ἔσωσε,
1156 2877 1218 2960 τῆν

213 2979 251 3048 δὲ
264 2979 405 3045 Ἑλλάδα
425 2981 651 3046 δουλεύουσαν
669 2979 888 3064 ἠλευθέρωσε,
909 2979 1058 3066 καθάπερ
1076 2979 1113 3045 έν
1131 2980 1217 3066 φωτὶ

213 3096 252 3172 τῆ
276 3085 354 3172 δόξη
378 3087 438 3169 τήν
461 3085 580 3170 ἀρετήν
600 3085 736 3170 ένεργὸν
757 3084 809 3150 έπλ
827 3094 945 3170 καιροῦ
961 3089 1217 3170 παρασχόμενος.

178 3191 350 3278 ιἩσυχία
374 3188 410 3256 δὲ
432 3193 526 3276 κωφή
550 3189 604 3256 καί
627 3195 699 3276 βίος
723 3190 854 3278 ἑδραῖος
876 3189 928 3256 ἐπί
952 3196 1069 3276 σχολῆς
1088 3190 1218 3257 ἀποκεί-

212 3323 311 3384 μενος
340 3297 380 3363 οὐ
410 3300 514 3381 μόνον
544 3299 691 3382 σώματα,
721 3297 804 3362 ἀλλά
832 3295 888 3362 καί
916 3297 1022 3382 ψυχάς
1051 3301 1215 3382 μαραίνει.

212 3403 267 3472 καὶ
289 3405 438 3490 καθάπερ
460 3405 499 3468 τά
522 3404 733 3470 λανθάνοντα
755 3414 821 3467 τῶν
839 3403 971 3468 ὑδάτων
989 3410 1034 3488 τῷ
1051 3402 1217 3488 περισκιά-

214 3515 327 3589 ζεσθαι
355 3508 410 3574 καὶ
438 3515 609 3593 καθῆσθαι
639 3511 683 3593 μή
714 3506 918 3592 ἀπορρέοντα
948 3510 1099 3591 σήπεται,
1131 3507 1216 3573 οὕτω
