2722 4028
561 194 611 248 111.
629 193 790 248 ΠΛΑΤΩΝ.
1135 191 1174 254 11

175 351 387 434 ὀλιχοχονίαν
409 360 569 437 προσῆψε,
592 363 660 428 τοῖς
679 349 709 416 δ’
731 348 1002 435 ἀναλισκομένοις
1018 350 1083 416 ὑπὸ
1102 352 1177 416 τού-

174 479 241 521 των
263 459 479 556 πολυχονίριν,
501 461 664 542 σωτηρίαν
686 465 731 545 τῷ
755 455 844 540 γένει
866 459 1017 541 πορίζων.
1056 457 1112 520 ἅτε
1134 457 1176 539 όῆ

175 556 237 627 οὖν
260 562 300 627 οὐ
322 562 410 627 πάνυ
432 585 463 627 τι
487 564 589 646 σοφὸς
611 563 659 627 ὢν
681 557 912 646 ὁἘπιμηθεὺς
934 564 1054 626 ἔλαθεν
1075 560 1177 626 αὑτὸν

175 669 405 745 καταναλώσας
431 668 488 746 τὰς
516 668 684 751 δυνάμεις·
717 670 833 734 λοιπὸν
857 668 897 751 όῆ
921 665 1107 750 ἀκόσμητον
1130 667 1177 730 ἔτι

175 771 262 861 αὐτῷ
290 768 333 856 ῆν
359 776 396 839 τὸ
423 772 612 860 ἀνθρώπων
639 772 749 857 γένος,
775 771 829 838 καὶ
856 773 972 858 ἠπόρει
999 771 1018 836 ὅ
1041 795 1072 836 τι
1098 771 1176 856 χρή-

175 894 276 943 σαιτο.
325 877 505 965 ἀποροῦντι
538 875 575 944 δὲ
605 879 692 966 αὐτῷ
723 881 848 965 ἔρχεται
877 880 1079 964 Προμηθεὺς
1107 874 1210 940 ἐπι-ο

175 986 375 1068 σκεψόμενος
396 986 457 1068 τῆν
478 987 598 1068 νομῆν,
619 982 674 1049 καὶ
697 984 759 1070 ὁρᾷ
781 985 822 1049 τὰ
844 980 905 1068 μὲν
928 985 1011 1048 ἀλλα
1034 985 1098 1069 ζῷα
1121 979 1176 1064 ἐμ-

175 1092 280 1171 μελῶς
296 1089 429 1154 πόντων
448 1091 575 1173 ἔχοντα,
593 1090 652 1154 τὸν
670 1085 707 1153 δὲ
725 1089 905 1172 ἄνθρωπον
923 1089 1052 1171 γυμνόν
1069 1107 1104 1150 τε
1121 1083 1176 1150 καλ

174 1191 383 1277 ἀνυπόδητον
410 1190 464 1258 καὶ
487 1193 655 1278 ἀστρωτον
677 1191 733 1258 καὶ
755 1193 896 1258 ἀοπλον·
932 1194 995 1275 ῆόη
1019 1187 1056 1255 δέ
1078 1187 1175 1272 καλῆ

175 1298 352 1384 εἱμαρμένη
375 1296 479 1384 ῆμέρα
501 1307 625 1384 παρῆν,
653 1297 689 1363 ἐν
712 1291 733 1382 ᾗ
757 1299 825 1363 ἔδει
847 1295 901 1362 καὶ
923 1299 1104 1382 ἀνθρωπον
1127 1294 1176 1374 ἐξ·

175 1400 259 1468 ιέναι
289 1403 325 1468 ἐκ
353 1413 413 1488 γῆς
442 1405 488 1480 είς
517 1413 596 1488 φῶς.
642 1401 761 1490 ἀπορίᾳ
784 1398 846 1469 οὖν
869 1402 1021 1488 ἐχόμενος
1044 1401 1061 1467 ὁ
1085 1405 1209 1486 Προ-6

174 1509 311 1592 μηθεός,
333 1507 450 1590 ἥντινα
473 1511 636 1593 σωτηρίαν
659 1516 704 1594 τῷ
728 1506 895 1595 ἀνθρώπῳ
918 1505 1022 1589 εὕροι,
1046 1503 1175 1569 κλέπτει

169 1610 355 1696 Ἡφαίστου
377 1612 432 1675 καὶ
451 1608 594 1693 Ἀθηνᾶς
615 1612 676 1694 τῆν
699 1613 851 1696 ἐντεχνον
874 1613 996 1694 σοφίαν
1014 1613 1077 1674 σὺν
1094 1612 1179 1695 πυρί

177 1754 214 1764 -
240 1716 411 1801 ἀμήχανον
437 1716 500 1802 χάρ
523 1710 566 1798 ῆν
589 1715 669 1780 ἀνευ
692 1719 796 1802 πυρὸς
818 1715 922 1800 αὐτην
945 1718 1064 1800 κτητήν
1086 1739 1131 1803 τῳ
1150 1713 1174 1798 ῆ

174 1825 338 1907 χρησίμην
361 1818 517 1903 γενέσθαι
531 1857 574 1866 -
587 1818 642 1886 καὶ
663 1821 748 1886 οὕτω
768 1822 809 1904 θη
829 1821 981 1907 δωρεῖται
999 1819 1175 1908 ἀνθρώπῳ.

174 1928 234 2010 τῆν
262 1922 323 2009 μὲν
351 1921 412 1990 οὖν
439 1923 514 2010 περὶ
541 1927 600 1990 τὸν
626 1928 702 2010 βίον
729 1929 850 2010 σοφίαν
877 1927 1054 2010 ἄνθρωπος
1075 1926 1175 2011 ταότη

175 2034 247 2116 ἔσχε
254 2079 264 2114 ,
290 2031 351 2114 τῆν
379 2026 416 2094 δὲ
442 2030 614 2114 πολιτικὴν
641 2030 703 2096 οὐκ
729 2025 831 2115 εἶχεν·
866 2026 908 2114 ῆν
934 2031 997 2117 γὰρ
1019 2031 1107 2117 παρὰ
1129 2039 1174 2117 τῷ

174 2139 249 2200 Διί·
271 2144 317 2222 τῷ
341 2132 378 2201 δὲ
400 2140 579 2222 Προμηθεῖ
598 2137 645 2212 είς
666 2131 727 2219 μὲν
749 2137 810 2218 τῆν
832 2134 1012 2221 ἀκρόπολιν
1034 2138 1094 2220 τῆν
1115 2146 1175 2202 τοῦ

175 2244 257 2318 Διὸς
284 2247 412 2325 οίκησιν
440 2239 549 2306 οὐκέτι
571 2239 722 2325 ἐνεχώρει
745 2241 924 2304 εἰσελθεῖν·
956 2243 1038 2327 πρὸς
1061 2237 1097 2306 δὲ
1120 2238 1209 2308 καλε

174 2349 212 2411 αλ
231 2348 315 2422 Διὸς
336 2344 480 2431 φυλακαὶ
502 2342 641 2431 φοβεραὶ
664 2341 761 2428 ἦσαν·
785 2347 832 2421 είς
854 2341 892 2410 δέ
908 2347 946 2412 τὸ
964 2355 1020 2429 τῆς
1034 2343 1176 2430 Ἀθηνᾶς

174 2451 229 2518 καλ
244 2449 427 2535 Ἡφαίστου
451 2456 570 2534 οἴκημα
592 2452 629 2516 τὸ
653 2452 779 2534 κοινόν,
802 2449 839 2515 ἐν
858 2443 883 2538 ᾧ
903 2450 1175 2536 ἐφιλοτεχνείτην,

175 2558 290 2622 λαθὼν
313 2554 506 2641 εἰσέρχεται,
529 2553 584 2620 καὶ
606 2554 727 2635 κλέψας
748 2557 809 2637 τήν
831 2578 865 2619 τε
888 2557 1035 2642 ἔμπυρον
1058 2553 1175 2640 τέχνην

174 2662 235 2743 τῆν
257 2669 316 2726 τοῦ
329 2657 513 2744 Ἡφαίστου
535 2658 590 2724 καὶ
611 2661 672 2743 τῆν
694 2661 798 2743 ἀλλην
818 2661 878 2743 τῆν
896 2669 953 2742 τῆς
967 2657 1108 2743 Ἀθηνᾶς
1127 2662 1175 2725 δί-

176 2767 279 2830 δωσιν
300 2764 478 2853 ἀνθρώπῳ,
500 2763 554 2829 καλ
578 2764 613 2830 ἐκ
635 2767 754 2830 τούτου
775 2765 912 2851 εὐπορία
929 2762 990 2849 μὲν
1009 2764 1174 2854 ἀνθρώπῳ

174 2881 234 2937 τοῦ
252 2873 328 2955 βίον
347 2873 503 2952 γίγνεται,
521 2867 705 2955 Προμηθέα
719 2867 755 2936 θλ
768 2870 920 2956 ὕστερον,
937 2865 1020 2956 ᾗπερ
1038 2869 1176 2954 λέγεται,

174 2980 297 3058 κλοπῆς
324 2976 399 3058 δίκη
426 2979 597 3057 μετῆλθεν.
643 2974 754 3060 ἐπειδὴ
783 2972 820 3041 θλ
842 2976 860 3042 ὁ
884 2977 1060 3060 ἅνθρωπος
1081 2978 1210 3052 θείας8

176 3083 307 3166 μετέσχε
326 3083 453 3165 μοίρας,
470 3090 601 3164 πρῶτον
619 3076 679 3163 μὲν
697 3078 787 3168 ζῴων
800 3083 905 3165 μόνον
919 3083 1020 3156 θεοὺς
1034 3079 1175 3163 ἐνόμισε,

175 3185 229 3250 καὶ
249 3186 405 3272 ἐπεχείρει
423 3186 554 3268 βωμούς
571 3207 605 3248 τε
625 3185 799 3272 ίόρύεσθαι
816 3183 871 3251 καὶ
889 3184 1058 3268 ἀγάλματα
1070 3191 1175 3251 θεῶν·

176 3293 284 3356 ἔπειτα
302 3291 418 3375 φωνῆν
436 3287 490 3354 καὶ
509 3289 653 3372 ὀνόματα
671 3292 751 3375 ταχὺ
771 3290 1001 3376 ἀιηρθρώσατο
1016 3298 1053 3373 τῆ
1067 3288 1175 3377 τέχνη,

175 3394 230 3460 καλ
258 3397 400 3480 οίκῆσεις
421 3392 476 3460 καὶ
499 3394 638 3478 ἐσθῆτας
659 3393 714 3460 καλ
735 3392 908 3471 ὑποδέσεις
929 3392 984 3459 καὶ
1006 3397 1176 3480 στρωμνὰς

174 3499 229 3566 καὶ
255 3502 312 3577 τὰς
339 3500 375 3565 ἐκ
401 3509 460 3583 γῆς
486 3500 609 3586 τροφὰς
634 3501 756 3587 εὕρετο.
803 3499 888 3565 οὕτω
912 3501 953 3584 ὃῆ
976 3517 1209 3585 παρεσκευα-9
