2722 4028
200 193 242 258 10
584 196 634 249 111.
652 195 812 248 ΠΛΑΤΩΝ.

216 405 275 470 ΙΠ.
299 405 496 492 Protagorae
519 405 631 471 fabula
653 409 691 470 de
713 407 834 492 pudore
856 409 890 470 οῖ
911 404 1038 470 ἱυεῖίῖίε
1060 405 1182 489 pariter

607 503 793 587 dispertissiS.

305 631 424 702 (Platon.
439 631 552 700 Protag.
566 649 593 700 p.
609 630 820 686 mon-³221).
840 629 874 685 cf.
889 629 956 686 fasc.
971 630 997 684 Π
1014 647 1041 700 p.
1057 632 1093 700 3.)

165 791 179 838 1
258 767 323 840 Ἦν
351 795 428 840 ποτε
457 777 592 859 χρόνος,
621 773 674 838 ὅτε
702 771 778 839 θεοὶ
807 769 867 857 μέν
896 768 997 858 ἦσαν,
1026 774 1134 857 θνητὰ
1162 771 1199 839 δὲ

198 877 277 963 γένη
301 879 362 945 οὐκ
383 874 434 963 ην.
471 877 583 962 ἐπειδὴ
608 874 645 943 δὲ
666 880 721 944 καὶ
743 879 872 954 τούτοις
894 880 1013 962 χρόνος
1030 874 1135 962 ἦλθεν
1153 880 1199 943 εί-

198 983 362 1071 μαρμένος
383 981 552 1068 γενέσεως,
574 992 735 1048 τυποᾶσιν
758 983 839 1048 αὐτὰ
861 980 937 1048 θεοὶ
959 991 1018 1067 γῆς
1041 985 1140 1050 ἔνδον
1163 983 1199 1051 έκ

198 1099 257 1173 γῆς
287 1087 342 1154 καὶ
373 1091 477 1174 πυρὸς
508 1087 659 1172 μίξαντες
689 1086 744 1154 καὶ
775 1099 841 1154 τᾶν
873 1089 934 1154 ὅσα
964 1087 1044 1172 πυρὶ
1073 1087 1129 1154 καὶ
1157 1099 1198 1176 γη

198 1195 402 1280 κεράννυται.
448 1193 559 1277 ἐπειδὴ
583 1191 613 1258 δ’
636 1195 729 1277 άγειν
752 1193 834 1258 αὐτὰ
856 1196 937 1280 πρὸς
958 1205 1030 1279 φῶς
1051 1197 1200 1281 ἔμελλον,

197 1298 400 1384 προσέταξαν
422 1304 601 1384 Προμηθεῖ
624 1297 679 1364 καὶ
698 1295 872 1383 Ἐπιμηθεῖ
895 1304 1061 1384 κοσμῆσαί
1082 1324 1117 1366 τε
1144 1299 1200 1366 καὶ

198 1415 308 1489 νεῖμαι
340 1405 496 1488 δυνάμεις
527 1401 674 1481 ἑκάστοις
705 1405 750 1481 ὡς
780 1403 904 1490 πρέπει.
949 1404 1133 1490 Προμηθέα
1162 1403 1200 1472 δὲ

197 1521 400 1595 παραιτεῖται
423 1507 621 1593 Ἐπιμηθεὺς
648 1509 746 1586 αὐτὸς
771 1521 894 1594 νεῖμαι·
940 1510 1137 1594 εΝείμαντος
1164 1509 1194 1576 δ’

164 1632 180 1679 2
200 1613 304 1698 ἔμοῖά,
322 1614 396 1700 δοίη,
415 1613 627 1692 ’ἐπίσκεψαιέ
655 1612 710 1679 καὶ
728 1614 814 1680 οὕτω
832 1617 946 1692 πείσας
962 1613 1062 1698 νέμει.
1088 1614 1199 1700 νέμων

199 1717 236 1786 δὲ
258 1732 326 1796 τοῖς
346 1716 406 1804 μὲν
430 1722 526 1804 ίσχὺν
549 1721 629 1786 ᾶνευ
651 1721 770 1806 τάχους
790 1729 967 1805 προσῆπτε,
989 1721 1028 1785 τά
1052 1717 1081 1784 δ’
1100 1719 1197 1786 ἀσθε-

197 1824 336 1908 νέστερα
358 1825 447 1910 τάχει
471 1824 614 1909 έκόσμει·
645 1827 684 1890 τά
708 1821 744 1890 δὲ
767 1826 900 1910 ὥπλιζε,
926 1835 995 1902 τοῖς
1017 1822 1046 1889 δ’
1074 1826 1199 1892 ἄοπλον

199 1931 313 2007 διδοὺς
342 1931 445 2014 φύσιν
476 1931 580 2014 άλλην
608 1927 671 1995 τιν’
702 1930 814 2008 αὐτοῖς
844 1930 1025 2016 ἐμηχανᾶτο
1055 1931 1199 2015 δύναμιν

198 2037 245 2111 είς
272 2037 446 2119 σωτηρίαν.
492 2035 512 2100 a
535 2031 596 2119 μὲν
619 2036 681 2119 γάρ
704 2035 814 2100 αὐτῶν
837 2038 1025 2120 σμικρότητι
1046 2037 1198 2120 ἤμπισχε,

197 2141 322 2224 πτηνὸν
345 2141 456 2224 φυγὴν
478 2139 499 2224 ἢ
521 2141 694 2223 κατάγειον
717 2147 845 2232 οἴκησιν
868 2143 994 2224 ἔνεμεν·
1018 2139 1039 2205 δ
1062 2136 1099 2205 δέ
1120 2137 1197 2225 ηὖξε

198 2243 349 2329 μεγέθει,
380 2245 464 2331 τῷδε
496 2245 583 2332 αὐτῷ
616 2244 698 2310 αὐτὰ
729 2247 841 2323 ἔσωζε·
877 2243 931 2310 καὶ
961 2239 1063 2310 τάλλα
1095 2246 1198 2324 οὕτως

164 2369 180 2416 3
199 2349 363 2415 έκανισῶν
386 2351 488 2434 ἔνεμε.
532 2359 633 2415 ταῦτα
657 2346 693 2414 δὲ
716 2349 897 2435 ἐμηχανᾶτο
920 2350 1092 2434 εὐλάβειαν
1115 2354 1196 2436 ἔχων

199 2457 243 2540 μή
265 2478 297 2520 τι
319 2453 414 2538 γένος
436 2454 627 2539 άιστωθείη·
660 2454 772 2538 ἐπειδὴ
796 2451 833 2520 δέ
856 2455 968 2532 αὐτοῖς
989 2454 1199 2541 ἀλληλοφθο-

199 2571 282 2646 ριῶν
305 2561 468 2646 διαφυγάς
490 2559 662 2644 ἐπήρκεσε,
691 2562 772 2646 πρὸς
794 2561 851 2637 τὰς
874 2559 910 2625 ἔκ
932 2562 1015 2637 Διὸς
1037 2562 1123 2643 ὥρας
1145 2562 1199 2627 εό-

199 2667 337 2750 μάρειαν
365 2665 545 2752 ἐμηχανᾶτο
574 2665 756 2751 άμφιεννὺς
782 2666 864 2730 αὐτὰ
891 2676 1029 2743 πυκναῖς
1050 2689 1084 2731 τε
1107 2665 1199 2752 θριξὶ

198 2769 253 2835 καὶ
280 2783 422 2857 στερεοῖς
450 2769 623 2857 δέρμασιν,
656 2772 782 2847 ίκανοῖς
808 2767 868 2855 μὲν
895 2769 1017 2854 ἀμῦναι
1044 2783 1198 2856 χειμῶνα,

199 2878 353 2952 δυνατοῖς
379 2871 416 2939 δέ
442 2874 497 2940 καὶ
523 2878 687 2960 καύματα,
714 2873 769 2940 καὶ
791 2878 838 2952 είς
860 2875 958 2952 εὐνάς
981 2878 1090 2942 ίοῦσιν
1113 2877 1199 2954 ὅπως

197 2981 338 3066 ὑπάρχοι
365 2981 404 3044 τά
431 2981 514 3046 αὐτὰ
539 2991 640 3047 ταῦτα
668 2983 821 3067 στρωμνὴ
845 2982 948 3046 οίκεία
970 3005 1004 3046 τε
1026 2979 1081 3046 καὶ
1104 2982 1199 3048 αὐτο-

164 3211 181 3257 4
198 3189 253 3256 καὶ
277 3189 413 3277 δέρμασι
431 3202 575 3275 στερεοῖς
592 3189 647 3256 καὶ
665 3190 823 3275 ἀναίμοις.
859 3191 1059 3257 τούντεῦθεν
1076 3195 1200 3277 τροφάς

199 3298 311 3373 ἄλλοις
333 3298 434 3374 άλλως
456 3295 628 3381 ἔξεπόριζε,
653 3307 722 3374 τοῖς
744 3293 804 3380 μὲν
827 3295 863 3361 ἐκ
885 3305 944 3379 γῆς
965 3297 1121 3381 βοτάνην,
1144 3299 1200 3364 άλ-

199 3406 269 3478 λοις
296 3397 333 3466 δὲ
361 3401 510 3485 δένδρων
537 3403 697 3489 καρπούς,
723 3412 791 3478 τοῖς
814 3397 851 3466 δὲ
874 3401 972 3487 ῥίζας·
1006 3401 1127 3468 ἔστιδ’
1151 3396 1200 3481 οἷς

199 3508 321 3571 έδωκεν
344 3503 429 3572 εἶναι
451 3509 578 3592 τροφὴν
602 3505 693 3596 ζῴων
711 3507 822 3571 ἄλλων
840 3507 957 3591 βοράν·
981 3505 1035 3572 καὶ
1053 3519 1122 3585 τοῖς
1140 3505 1201 3592 μὲν
