2722 4028
207 212 250 278 18
550 217 583 269 V.
601 215 859 268 ΠΔΟΤΤΑΡΧΟΣ.

206 373 225 440 δ
254 384 323 450 τοῖς
352 372 508 460 ἀδελφοῖς
537 374 691 459 ὑπάρχει,
720 371 778 442 καὶ,
804 371 916 457 μένειν
944 370 1000 438 καλ
1028 372 1213 457 ἀποδημεῖν

207 481 289 564 ἅμα,
319 477 373 543 καὶ
402 480 636 544 πολιτεύεσθαι
664 476 720 543 καί
748 489 907 562 γεωργεῖν
937 476 1134 562 δυναμένοις
1163 474 1206 542 δι’

207 585 359 669 ἀλλήλων
366 631 376 666 ,
399 585 501 668 άνπερ
524 584 567 667 ἣν
589 584 609 667 η
633 584 732 667 φύσις
754 585 876 648 ἔδωκεν
898 582 1030 660 εὐνοίας
1051 581 1107 648 καὶ
1130 598 1212 666 σομ-

206 694 334 774 φωνίας
360 687 464 774 ἀρχὴν
491 689 710 773 φυλάττωσιν.
755 689 787 752 εί
813 684 850 752 δὲ
877 691 938 771 μη,
963 690 1077 753 ποδῶν
1100 686 1212 771 οὐδέν,

208 790 310 879 οἶμαι,
333 796 519 860 διοίσουσιν
542 794 705 877 ἀλλήλους
722 793 1004 872 ὑποσκελιζόντων
1021 796 1076 859 καὶ
1095 795 1212 858 δακτύ-

207 904 276 964 λων
309 897 559 983 ἐμπλεκομένων
588 897 644 963 καλ
674 897 963 984 διαστρεφομένων
991 900 1080 983 παρά
1109 900 1212 984 φύσιν

82 1059 92 1086 ,
171 1002 264 1072 οὐτ’
293 1004 455 1087 ἀλλήλων.
500 1009 625 1089 μᾶλλον
658 1003 710 1088 δέ,
742 1005 850 1089 ὥσπερ
883 1003 920 1070 ἐν
948 1005 1055 1092 ταύτῷ
1087 1006 1211 1088 σάματι

208 1120 284 1195 μιᾶς
302 1120 528 1176 κοινωνοῦντα
546 1111 677 1193 φάσεως
694 1107 749 1173 καὶ
767 1118 889 1194 τροφῆς
906 1110 946 1174 τά
963 1110 1049 1195 ὑγρά
1061 1108 1116 1174 καλ
1131 1109 1212 1194 ξηρά

208 1213 263 1280 καὶ
290 1216 400 1300 ψυχρά
427 1213 481 1280 καὶ
508 1215 617 1299 θερμά
644 1223 683 1299 τῇ
712 1215 850 1301 ὁμονοίᾳ
875 1213 930 1279 καὶ
953 1218 1129 1301 συμφωνίᾳ
1151 1216 1212 1298 τὴν

209 1320 347 1404 ἀρίστην
369 1318 423 1385 καὶ
446 1320 584 1404 ἡδίστην
606 1329 725 1405 κρᾶσιν
749 1319 877 1403 ἐμποιεῖ
896 1317 951 1384 καλ
974 1319 1152 1405 ἀρμονίαν,
1174 1315 1213 1403 ἧς

209 1427 308 1511 χωρίς
330 1425 417 1490 ‘ofin
439 1425 596 1491 πλοὺτου’
620 1423 723 1510 φασὶν
747 1424 834 1489 “οὑτε
852 1434 908 1518 τᾶς
927 1427 1138 1509 ἰσοδαίμονος
1155 1425 1212 1489 ἀν-

208 1533 357 1617 θρώποις
369 1533 562 1615 βασιληίδος
575 1529 687 1616 ἀρχᾶς’
706 1525 794 1595 εἶναί
809 1553 883 1595 τινα
901 1531 998 1617 χάριν
1012 1529 1068 1596 καὶ
1082 1533 1212 1615 ὄνησιν·

210 1637 251 1702 ἀν
266 1633 302 1701 δὲ
315 1635 486 1714 πλεονεξία
499 1635 554 1701 καλ
570 1637 682 1712 στάσις
695 1635 807 1712 αὐτοῖς
821 1634 1002 1720 ἐγγένηται,
1021 1635 1214 1721 διέφθειρεν

210 1749 359 1828 αἴσχιστα
377 1740 431 1807 καὶ
451 1741 583 1826 συνέχεε
601 1744 639 1807 τὸ
659 1744 757 1828 ζῷον·
781 1741 885 1818 οὑτως
902 1740 1055 1827 ἀδελφῶν
1069 1742 1213 1826 ὁμοφρο-

211 1849 295 1934 σύνη
317 1850 372 1912 καὶ
394 1845 490 1931 γένος
512 1847 567 1912 καὶ
589 1843 679 1923 οίκος
700 1847 843 1930 ὑγιαίνει
861 1845 915 1912 καὶ
933 1845 1063 1932 τέθηλε,
1086 1845 1140 1910 καὶ
1158 1851 1213 1929 φί-

211 1958 264 2019 λοι
291 1951 345 2017 καλ
373 1957 546 2038 συνηδεις,
574 1954 682 2036 ὥσπερ
710 1951 849 2036 ἐμμελὴς
875 1955 988 2037 χορός,
1015 1948 1115 2017 οὐδὲν
1137 1952 1212 2016 οὔτε

210 2057 415 2144 πράσσουσιν
445 2058 596 2124 ἐναντίον
627 2059 701 2123 οὔτε
732 2055 886 2140 λέγουσιν
916 2057 991 2122 οὔτε
1020 2066 1212 2141 φρονοῦσιν.

175 2181 192 2229 6
277 2161 347 2226 Ἕν
370 2157 407 2226 δέ
431 2163 619 2248 διχοστασίῃ
642 2161 698 2227 καὶ
721 2163 739 2229 ὁ
761 2163 926 2245 πάγκακος
948 2164 1068 2247 ἔμμορε
1090 2159 1212 2246 τιμῆς·’

211 2265 337 2351 οἰκέτης
359 2267 529 2351 διάβολος,
552 2268 573 2352 ἢ
596 2267 694 2346 κόλαξ
718 2269 884 2354 παρενδὺς
904 2273 1055 2350 θυραῖος,
1078 2267 1099 2350 ἢ
1121 2270 1213 2332 πολί-

210 2397 268 2457 της
290 2373 462 2456 βάσκανος.
499 2375 543 2450 δις
565 2374 628 2459 γάρ
652 2374 689 2438 αί
706 2376 800 2438 νόσοι
818 2383 887 2449 τοῖς
906 2373 1033 2455 στόμασι
1051 2373 1095 2456 μὴ
1113 2388 1213 2457 προσ-

211 2475 353 2562 ιεμένοις
383 2480 420 2543 τὸ
450 2480 573 2544 οίκεῖον
607 2483 739 2544 πολλῶν
771 2477 965 2561 ἐμποιοῦσιν
996 2475 1127 2543 ἀτόπων
1159 2477 1214 2542 καὶ

211 2587 382 2668 βλαβερῶν
405 2581 539 2669 ὀρέξεις·
565 2584 668 2660 οὑτως
689 2583 710 2666 ἡ
733 2585 815 2669 πρὸς
836 2586 874 2648 τὸ
897 2577 1054 2666 συγγενὲς
1076 2583 1214 2666 διαβολὴ

211 2687 265 2754 κοιλ
288 2689 449 2774 ὑφόρασις
471 2687 600 2771 ὁμιλίας
620 2688 770 2771 ἐπάγεται
789 2689 917 2773 φαύλας
933 2683 988 2752 καλ
1005 2687 1152 2772 πονηράς
1169 2688 1215 2763 είς

210 2797 248 2860 τὸ
271 2791 399 2871 ἐλλιπές
421 2794 546 2873 ἐξωδεν
569 2793 789 2881 ἐπιρρεούσας.

176 2916 192 2964 7
268 2897 372 2964 Ὅθεν
394 2901 412 2966 δ
435 2899 634 2985 Μένανδρος
656 2900 766 2986 ὀρθῶς

300 3005 385 3071 Ὀὐκ
408 3005 443 3072 ἐκ
465 3009 576 3073 πότων
598 3005 652 3070 καὶ
674 3015 731 3089 τῆς
752 3002 831 3070 καθ’
853 3002 978 3089 ἡμέραν
1001 3009 1128 3090 τρυφῆς

302 3115 458 3196 ζητοῦμεν
480 3107 507 3203 ᾧ
530 3111 747 3194 πιστεύσομεν
768 3111 808 3175 τά
830 3120 890 3176 τοῦ
913 3112 1006 3193 βίον,
1029 3104 1141 3193 (φησί)

299 3215 414 3301 πάτερ·
447 3215 487 3281 οά
509 3219 661 3301 περιττὸν
684 3211 760 3281 οἴετ’
784 3212 991 3300 ἐξευρηκέναι

301 3319 430 3403 ἀγαθὸν
453 3319 601 3405 ἕκαστος,
623 3321 665 3388 ἀν
689 3323 746 3406 ἔχη
769 3325 869 3404 φίλου
893 3309 1023 3398 σκιάν;”

213 3425 301 3494 σκιαὶ
325 3425 388 3512 γάρ
412 3428 496 3492 είσιν
519 3429 621 3503 ὅντως
644 3427 681 3491 αί
700 3422 820 3491 πολλαὶ
842 3428 949 3509 φιλίαι
972 3422 1026 3489 καλ
1049 3424 1218 3507 μιμήματα

212 3531 268 3598 καλ
290 3533 410 3597 εἴδωλα
432 3539 488 3614 τῆς
509 3531 639 3614 πρώτης
662 3530 798 3614 ἐκείνης,
820 3529 863 3614 ἣν
885 3531 982 3594 παισί
1000 3551 1035 3594 τε
1057 3529 1140 3614 πρὸς
1161 3550 1218 3610 γο-
