2722 4028
213 174 258 237 42
539 179 614 229 XIII.
633 179 890 232 ΠΛΟΤΤΑΡΧΟΣ,

215 335 333 399 εἰπεῖν·
349 335 415 418 “Τι’,
428 329 454 400 ιδ
469 336 636 421 μακάριοι,
649 346 782 403 κοπιᾶτε
795 336 951 412 πολλάκις
964 331 1002 400 εὐ
1011 334 1216 422 πάσχοντες;’

179 456 196 504 8
215 439 335 504 Αὐτῶν
354 435 391 504 δέ
409 441 535 506 τούτων
552 443 592 506 τά
610 438 671 526 μὲν
691 442 812 527 ὀρθῶς,
829 443 868 506 τά
887 440 917 506 δ’
935 441 997 507 οὐκ
1009 436 1047 506 εὐ
1061 439 1217 507 λέλεκται.

214 553 252 630 τῇ
275 541 336 629 μὲν
359 547 421 631 γάρ
445 547 560 635 εὐνοία
577 546 633 612 καὶ
651 549 832 635 κηδεμονίᾳ
850 549 903 612 δεῖ
918 549 1060 631 μηδενὸς
1077 545 1217 631 ἀφεστά-

214 673 270 714 ναι
297 661 364 716 τῶν
391 664 530 737 κοινῶν,
558 652 640 720 ἀλλά
667 662 747 718 πᾶσι
769 651 943 738 προσέχειν
965 651 1020 718 καὶ
1041 653 1217 736 γινώσκειν

216 753 347 840 ἕκαστα,
365 756 459 841 μηδέ,
477 759 586 842 ὥσπερ
603 757 639 823 ἐν
653 761 769 847 πλοίφ,
788 768 903 835 σκεῦος
918 759 1007 844 ίερὸν
1021 756 1217 824 ἀποκεῖσθαι
1343 783 1344 794 ’

213 861 272 937 τάς
294 861 429 946 ἐσχάτας
451 861 668 948 περιμένοντα
688 868 798 948 χρείας
815 873 873 948 τῆς
890 867 1015 940 πόλεως
1032 861 1086 928 καί
1104 865 1216 947 τύχας·
1343 842 1345 920 λ

214 960 287 1030 ἀλλ’
314 967 358 1044 ὡς
385 969 420 1033 οί
444 972 643 1053 κυβερνῆται
669 969 709 1033 τὰ
737 965 798 1052 μὲν
825 980 896 1045 ταῖς
922 967 1014 1053 χερσί
1042 966 1084 1033 δι’
1107 969 1216 1034 αὐτῶν

213 1072 471 1157 πράττουσι,τύ
495 1070 527 1138 δ’
550 1073 705 1158 ὀργάνοις
727 1071 849 1158 ἑτέροις
872 1068 915 1139 δι’
938 1073 1057 1156 ἑτέρων
1080 1075 1217 1138 ἄπωθεν

214 1180 397 1260 καθημενοι
420 1179 614 1261 περιάγουσι
636 1177 690 1243 καὶ
714 1177 909 1264 στρέφουσι,
936 1191 1077 1264 χρῶνται
1103 1175 1139 1244 δέ
1161 1176 1217 1243 καὶ
1346 1228 1347 1260 ,

215 1283 350 1359 ναύταις
371 1281 426 1348 καί
448 1293 615 1367 πρωρεῦσι
637 1281 692 1348 καὶ
714 1289 912 1369 κελευσταῖς,
934 1282 988 1348 καί
1007 1285 1133 1350 τούτων
1151 1283 1217 1348 ἐνί·
1346 1295 1347 1298 ’

214 1411 274 1464 ους
296 1387 557 1473 ἀνακαλούμενοι
579 1390 736 1466 πολλάκις
758 1391 805 1466 είς
827 1391 981 1474 πρύμναν
1004 1389 1216 1474 ἐγχειρίζουσι
1347 1422 1348 1450 ι

214 1495 251 1558 τὸ
274 1494 451 1577 πηδάλιον·
474 1494 560 1559 οὐτω
583 1503 629 1581 τῷ
652 1499 808 1580 πολιτικῷ
830 1497 987 1580 προσήκει
1009 1506 1216 1579 παραχωρεῖν

215 1594 276 1681 μὲν
295 1596 417 1683 ἑτέροις
435 1600 547 1684 ἀρχειυ
565 1597 621 1664 καὶ
637 1605 875 1684 προκαλεῖσθαι
893 1602 975 1686 πρὸς
991 1602 1028 1665 τὸ
1042 1603 1131 1684 βῆμα
1144 1596 1212 1682 μετ’

214 1704 384 1787 εὐμενείας
409 1703 464 1768 καὶ
491 1709 760 1789 φιλανθρωπίας,
788 1717 894 1770 κινεῖν
922 1701 959 1770 δὲ
981 1706 1025 1789 μη
1048 1705 1154 1770 πάντα
1176 1706 1217 1769 τά

215 1818 272 1893 τῆς
292 1812 417 1885 πόλεως
439 1820 507 1884 τοῖς
530 1810 632 1874 αὐτοῦ
655 1812 766 1892 λύγοις
788 1808 842 1876 καὶ
864 1814 1074 1894 ψηφίσμασιν
1096 1810 1116 1894 ἢ
1134 1811 1216 1895 πρά-

215 1913 317 1997 ξεσιν,
335 1911 406 1980 ἀλλ’
425 1917 541 2000 ἔχοντα
559 1918 696 1992 πιστοὺς
712 1913 767 1980 καὶ
781 1914 929 1998 ἀγαθοὺς
942 1917 1065 1998 ἀνδρας
1078 1915 1216 1980 ἕκαστον

217 2017 334 2105 ἑκάστη
357 2023 450 2106 χρείᾳ
472 2020 552 2084 κατά
574 2022 612 2085 τὸ
636 2021 758 2085 οίκεῖον
779 2021 1051 2104 προσαρμόττειν·
1083 2021 1128 2096 ὡς
1149 2025 1216 2085 Πε-

213 2131 327 2211 ρικλῆς
349 2129 514 2213 Μενίππφ
537 2122 598 2209 μὲν
621 2124 736 2210 ἐχρῆτο
759 2127 840 2209 πρὸς
862 2126 919 2201 τάς
941 2128 1144 2211 στρατηγίας,
1167 2123 1211 2190 δι’

211 2228 387 2315 Ἐφιάλτου
410 2227 447 2296 δέ
468 2233 528 2314 τὴν
547 2229 580 2308 ἐξ
599 2234 723 2314 Αρείου
741 2231 848 2313 πάγου
866 2231 993 2314 βουλὴν
1011 2229 1216 2315 ἐταπείνωσε,

216 2338 271 2401 διὰ
295 2333 331 2400 δὲ
351 2340 497 2421 Χαρίνου
520 2338 556 2402 τὸ
579 2337 661 2401 κατὰ
678 2334 863 2421 Μεγαρέων
887 2334 1029 2420 ἐκύρωσε
1052 2339 1215 2421 ψήφισμα,

177 2459 195 2507 9
215 2442 386 2524 Λάμπωνα
405 2438 441 2506 δὲ
461 2444 614 2525 Θουρίων
632 2442 779 2525 οίκιστην
798 2439 984 2525 ἐξέπεμψεν.
1018 2441 1058 2505 οὐ
1076 2442 1139 2526 γάρ
1157 2445 1216 2525 μό-

214 2570 276 2612 νον
303 2556 360 2630 τῆς
387 2546 556 2630 δυνάμεως
582 2547 628 2622 είς
650 2549 794 2622 πολλοὺς
817 2545 1032 2630 διανέμεσθαι
1055 2548 1217 2631 δοκούσης

214 2648 312 2735 ἦττον
331 2651 461 2736 ἐνοχλεῖ
476 2653 535 2716 τὸν
553 2653 685 2734 φθόνον
703 2653 740 2716 τὸ
759 2652 910 2735 μέγεθος,
929 2649 1011 2714 ἀλλὰ
1028 2649 1082 2716 καὶ
1096 2652 1135 2716 τὰ
1148 2663 1215 2718 τῶν

215 2768 333 2844 χρειῶν
351 2756 542 2821 ἐπιτελεῖται
557 2761 692 2839 μᾶλλον.
725 2757 768 2832 ὡς
781 2758 843 2842 γάρ
858 2757 876 2822 ὁ
890 2764 946 2839 τῆς
959 2757 1067 2840 χειρὸς
1080 2758 1126 2834 είς
1139 2760 1217 2833 τοὺς

215 2863 396 2938 δακτύλους
414 2863 569 2947 μερισμὸς
587 2862 647 2926 οὐκ
666 2861 791 2943 ἀσθενῆ
810 2865 997 2944 πεποίηκεν,
1016 2859 1098 2925 ἀλλά
1111 2885 1216 2947 τεχνι-

215 2971 278 3052 κην
296 2966 351 3033 καὶ
370 2968 548 3052 ὀργανικὴν
567 2968 667 3051 αὐτῆς
684 2970 745 3051 τὴν
763 2976 892 3052 χρῆσιν,
910 2967 1014 3043 ούτως
1032 2967 1050 3032 ὁ
1068 2967 1216 3050 πραγμά-

213 3098 280 3138 των
304 3070 426 3157 ἑτέροις
448 3072 484 3138 ἑν
506 3077 653 3158 πολιτείᾳ
675 3073 871 3157 μεταδιδοὺς
894 3071 1107 3158 ἐνεργοτέραν
1128 3085 1219 3137 ποιεῖ

213 3189 251 3264 τῇ
275 3181 433 3264 κοινωνίᾳ
455 3177 664 3264 τηνπρῖιξιν·
688 3179 706 3244 ὁ
731 3173 760 3242 δ’
783 3177 944 3264 ἀπληστίᾳ
962 3176 1095 3261 δύξηςύ
1115 3177 1216 3242 δυνά-

213 3307 298 3368 μεως
320 3293 428 3348 πᾶσαν
447 3280 550 3370 ἑαυτῷ
574 3285 635 3367 τὴν
657 3287 755 3350 πόλιν
774 3281 941 3362 ἀνατιθεὶς
962 3280 1016 3347 καὶ
1035 3284 1116 3366 πρὸς
1134 3281 1151 3348 ὃ
1170 3284 1215 3366 μὴ

212 3388 338 3473 πέφυκε
361 3384 437 3472 μηδ’
457 3390 594 3472 ἤσκηται
612 3389 788 3474 προσάγων
808 3388 920 3471 αὐτόν,
943 3388 987 3464 ὡς
1000 3386 1117 3453 Κλέων
1134 3390 1217 3473 πρὸς

213 3496 251 3560 τὸ
273 3505 476 3579 στρατηγεῖν,
501 3499 708 3578 Φιλοποίμην
728 3489 764 3558 δέ
783 3495 864 3578 πρὸς
881 3495 918 3558 τὸ
937 3504 1126 3577 ναυαρχεῖν,
1145 3489 1216 3557 Ἀν-
