<?xml version="1.0" encoding="UTF-8"?>
<!DOCTYPE html PUBLIC "-//W3C//DTD XHTML 1.0 Transitional//EN"
    "http://www.w3.org/TR/xhtml1/DTD/xhtml1-transitional.dtd">
<html xmlns="http://www.w3.org/1999/xhtml" xml:lang="en" lang="en">
 <head>
  <title>
</title>
<meta http-equiv="Content-Type" content="text/html;charset=utf-8" />
  <meta name='ocr-system' content='tesseract 3.04.00' />
  <meta name='ocr-capabilities' content='ocr_page ocr_carea ocr_par ocr_line ocrx_word'/>
</head>
<body>
  <div class='ocr_page' id='page_1' title='image "./florilegiumgrae07petegoog_0016.png"; bbox 0 0 2722 4028; ppageno 0'>
   <div class='ocr_carea' id='block_1_1' title="bbox 545 199 1164 266">
    <p class='ocr_par' dir='ltr' id='par_1_1' title="bbox 545 199 1164 266">
     <span class='ocr_line' id='line_1_1' title="bbox 545 199 1164 266; baseline 0.006 -13"><span class='ocrx_word' id='word_1_1' title='bbox 545 203 581 255; x_wconf 89' lang='lat'><strong><em>11.</em></strong></span> <span class='ocrx_word' id='word_1_2' title='bbox 601 199 783 261; x_wconf 77' lang='grc' dir='ltr'><strong>ΞΕΝΟΦΩΝ.</strong></span> <span class='ocrx_word' id='word_1_3' title='bbox 1144 203 1164 266; x_wconf 89' lang='grc'><strong>9</strong></span> 
     </span>
    </p>
   </div>
   <div class='ocr_carea' id='block_1_2' title="bbox 140 354 1220 3596">
    <p class='ocr_par' dir='ltr' id='par_1_2' title="bbox 162 354 1219 2862">
     <span class='ocr_line' id='line_1_2' title="bbox 162 354 1165 446; baseline 0.004 -23"><span class='ocrx_word' id='word_1_4' title='bbox 162 361 212 435; x_wconf 89' lang='grc' dir='ltr'><strong><em>τίς</em></strong></span> <span class='ocrx_word' id='word_1_5' title='bbox 238 357 280 424; x_wconf 84' lang='grc' dir='ltr'><strong><em>ἀν</em></strong></span> <span class='ocrx_word' id='word_1_6' title='bbox 307 354 345 424; x_wconf 81' lang='grc' dir='ltr'><strong><em>εὖ</em></strong></span> <span class='ocrx_word' id='word_1_7' title='bbox 373 371 509 446; x_wconf 78' lang='grc' dir='ltr'><strong><em>φρονῶν</em></strong></span> <span class='ocrx_word' id='word_1_8' title='bbox 535 370 595 427; x_wconf 88' lang='grc' dir='ltr'><strong><em>τοῦ</em></strong></span> <span class='ocrx_word' id='word_1_9' title='bbox 620 371 682 427; x_wconf 85' lang='grc' dir='ltr'><strong><em>σοῦ</em></strong></span> <span class='ocrx_word' id='word_1_10' title='bbox 704 361 827 427; x_wconf 87' lang='grc' dir='ltr'><strong><em>θιάσου</em></strong></span> <span class='ocrx_word' id='word_1_11' title='bbox 850 363 1042 445; x_wconf 75' lang='grc' dir='ltr'><strong><em>τολμήσειεν</em></strong></span> <span class='ocrx_word' id='word_1_12' title='bbox 1065 357 1165 441; x_wconf 82' lang='grc' dir='ltr'><strong><em>εἷναι;</em></strong></span> 
     </span>
     <span class='ocr_line' id='line_1_3' title="bbox 164 461 1165 552; baseline 0.004 -24"><span class='ocrx_word' id='word_1_13' title='bbox 164 466 198 528; x_wconf 80' lang='grc' dir='ltr'><strong><em>οἳ</em></strong></span> <span class='ocrx_word' id='word_1_14' title='bbox 222 462 293 529; x_wconf 83' lang='grc' dir='ltr'><strong><em>νέοι</em></strong></span> <span class='ocrx_word' id='word_1_15' title='bbox 320 461 381 549; x_wconf 73' lang='grc' dir='ltr'><strong><em>μὲν</em></strong></span> <span class='ocrx_word' id='word_1_16' title='bbox 408 467 501 542; x_wconf 82' lang='grc' dir='ltr'><strong><em>ὄντες</em></strong></span> <span class='ocrx_word' id='word_1_17' title='bbox 526 477 595 542; x_wconf 87' lang='grc' dir='ltr'><strong><em>τοῖς</em></strong></span> <span class='ocrx_word' id='word_1_18' title='bbox 622 468 770 550; x_wconf 87' lang='grc' dir='ltr'><strong><em>σώμασιν</em></strong></span> <span class='ocrx_word' id='word_1_19' title='bbox 797 464 959 532; x_wconf 88' lang='grc' dir='ltr'><strong><em>ἀδύνατοί</em></strong></span> <span class='ocrx_word' id='word_1_20' title='bbox 982 467 1062 550; x_wconf 88' lang='grc' dir='ltr'><strong><em>είσι,</em></strong></span> <span class='ocrx_word' id='word_1_21' title='bbox 1089 488 1165 552; x_wconf 91' lang='grc' dir='ltr'><strong><em>πρε-</em></strong></span> 
     </span>
     <span class='ocr_line' id='line_1_4' title="bbox 164 566 1166 656; baseline 0.003 -22"><span class='ocrx_word' id='word_1_22' title='bbox 164 571 317 656; x_wconf 90' lang='grc' dir='ltr'><strong><em>σβύτεροι</em></strong></span> <span class='ocrx_word' id='word_1_23' title='bbox 346 566 384 635; x_wconf 75' lang='grc' dir='ltr'><strong><em>δὲ</em></strong></span> <span class='ocrx_word' id='word_1_24' title='bbox 413 573 586 654; x_wconf 91' lang='grc' dir='ltr'><strong><em>γενόμενοι</em></strong></span> <span class='ocrx_word' id='word_1_25' title='bbox 612 581 682 647; x_wconf 88' lang='grc' dir='ltr'><strong><em>ταῖς</em></strong></span> <span class='ocrx_word' id='word_1_26' title='bbox 708 581 828 656; x_wconf 75' lang='grc' dir='ltr'><strong><em>ψυχαῖς</em></strong></span> <span class='ocrx_word' id='word_1_27' title='bbox 854 569 1004 656; x_wconf 88' lang='grc' dir='ltr'><strong><em>ἀνόητοι,</em></strong></span> <span class='ocrx_word' id='word_1_28' title='bbox 1035 571 1166 648; x_wconf 78' lang='grc' dir='ltr'><strong><em>ἀπόνως</em></strong></span> 
     </span>
     <span class='ocr_line' id='line_1_5' title="bbox 163 670 1166 762; baseline 0.004 -24"><span class='ocrx_word' id='word_1_29' title='bbox 163 670 224 757; x_wconf 70' lang='grc' dir='ltr'><strong><em>μέν</em></strong></span> <span class='ocrx_word' id='word_1_30' title='bbox 256 673 389 760; x_wconf 82' lang='grc' dir='ltr'><strong><em>λιπαροὶ</em></strong></span> <span class='ocrx_word' id='word_1_31' title='bbox 421 675 477 740; x_wconf 83' lang='grc' dir='ltr'><strong><em>διδ</em></strong></span> <span class='ocrx_word' id='word_1_32' title='bbox 508 678 660 758; x_wconf 89' lang='grc' dir='ltr'><strong><em>νεότητος</em></strong></span> <span class='ocrx_word' id='word_1_33' title='bbox 690 679 903 762; x_wconf 78' lang='grc' dir='ltr'><strong><em>τρεφόμενοι,</em></strong></span> <span class='ocrx_word' id='word_1_34' title='bbox 936 676 1098 754; x_wconf 76' lang='grc' dir='ltr'><strong><em>ἐπιπόνως</em></strong></span> <span class='ocrx_word' id='word_1_35' title='bbox 1129 674 1166 743; x_wconf 71' lang='grc' dir='ltr'><strong><em>δέ</em></strong></span> 
     </span>
     <span class='ocr_line' id='line_1_6' title="bbox 164 778 1166 868; baseline 0.006 -26"><span class='ocrx_word' id='word_1_36' title='bbox 164 778 327 864; x_wconf 82' lang='grc' dir='ltr'><strong><em>αὐχμηροὶ</em></strong></span> <span class='ocrx_word' id='word_1_37' title='bbox 358 781 414 846; x_wconf 88' lang='grc' dir='ltr'><strong><em>διά</em></strong></span> <span class='ocrx_word' id='word_1_38' title='bbox 446 783 554 865; x_wconf 92' lang='grc' dir='ltr'><strong><em>γήρως</em></strong></span> <span class='ocrx_word' id='word_1_39' title='bbox 584 793 763 865; x_wconf 80' lang='grc' dir='ltr'><strong><em>περῶντες,</em></strong></span> <span class='ocrx_word' id='word_1_40' title='bbox 794 792 863 858; x_wconf 88' lang='grc' dir='ltr'><strong><em>τοῖς</em></strong></span> <span class='ocrx_word' id='word_1_41' title='bbox 893 778 954 866; x_wconf 76' lang='grc' dir='ltr'><strong><em>μὲν</em></strong></span> <span class='ocrx_word' id='word_1_42' title='bbox 984 781 1166 868; x_wconf 86' lang='grc' dir='ltr'><strong><em>πεπραγμέ-</em></strong></span> 
     </span>
     <span class='ocr_line' id='line_1_7' title="bbox 163 883 1166 973; baseline 0.004 -25"><span class='ocrx_word' id='word_1_43' title='bbox 163 908 235 961; x_wconf 91' lang='grc' dir='ltr'><strong><em>νοις</em></strong></span> <span class='ocrx_word' id='word_1_44' title='bbox 258 886 505 970; x_wconf 77' lang='grc' dir='ltr'><strong><em>αἰσχυνόμενοι,</em></strong></span> <span class='ocrx_word' id='word_1_45' title='bbox 528 897 597 962; x_wconf 87' lang='grc' dir='ltr'><strong><em>τοῖς</em></strong></span> <span class='ocrx_word' id='word_1_46' title='bbox 620 883 656 950; x_wconf 70' lang='grc' dir='ltr'><strong><em>δὲ</em></strong></span> <span class='ocrx_word' id='word_1_47' title='bbox 678 885 912 972; x_wconf 89' lang='grc' dir='ltr'><strong><em>πραττομένοις</em></strong></span> <span class='ocrx_word' id='word_1_48' title='bbox 934 891 1166 973; x_wconf 85' lang='grc' dir='ltr'><strong><em>βαρυνόμενοι,</em></strong></span> 
     </span>
     <span class='ocr_line' id='line_1_8' title="bbox 163 985 1166 1077; baseline 0.004 -23"><span class='ocrx_word' id='word_1_49' title='bbox 163 991 202 1054; x_wconf 83' lang='grc' dir='ltr'><strong><em>τά</em></strong></span> <span class='ocrx_word' id='word_1_50' title='bbox 238 985 299 1073; x_wconf 73' lang='grc' dir='ltr'><strong><em>μὲν</em></strong></span> <span class='ocrx_word' id='word_1_51' title='bbox 334 988 415 1074; x_wconf 86' lang='grc' dir='ltr'><strong><em>ήδέα</em></strong></span> <span class='ocrx_word' id='word_1_52' title='bbox 452 990 488 1056; x_wconf 81' lang='grc' dir='ltr'><strong><em>ἐν</em></strong></span> <span class='ocrx_word' id='word_1_53' title='bbox 524 999 562 1076; x_wconf 77' lang='grc' dir='ltr'><strong><em>νή</em></strong></span> <span class='ocrx_word' id='word_1_54' title='bbox 598 994 726 1074; x_wconf 89' lang='grc' dir='ltr'><strong><em>νεότητι</em></strong></span> <span class='ocrx_word' id='word_1_55' title='bbox 762 992 1013 1077; x_wconf 75' lang='grc' dir='ltr'><strong><em>διαδραμόντες,</em></strong></span> <span class='ocrx_word' id='word_1_56' title='bbox 1052 994 1092 1058; x_wconf 83' lang='grc' dir='ltr'><strong><em>τά</em></strong></span> <span class='ocrx_word' id='word_1_57' title='bbox 1129 989 1166 1058; x_wconf 71' lang='grc' dir='ltr'><strong><em>δὲ</em></strong></span> 
     </span>
     <span class='ocr_line' id='line_1_9' title="bbox 164 1093 1218 1182; baseline 0.003 -23"><span class='ocrx_word' id='word_1_58' title='bbox 164 1097 288 1179; x_wconf 82' lang='grc' dir='ltr'><strong><em>χαλεπά</em></strong></span> <span class='ocrx_word' id='word_1_59' title='bbox 324 1097 370 1172; x_wconf 87' lang='grc' dir='ltr'><strong><em>είς</em></strong></span> <span class='ocrx_word' id='word_1_60' title='bbox 406 1097 443 1162; x_wconf 87' lang='grc' dir='ltr'><strong><em>ιδ</em></strong></span> <span class='ocrx_word' id='word_1_61' title='bbox 480 1104 581 1180; x_wconf 86' lang='grc' dir='ltr'><strong><em>γήρας</em></strong></span> <span class='ocrx_word' id='word_1_62' title='bbox 612 1094 822 1180; x_wconf 85' lang='grc' dir='ltr'><strong><em>ἀποθέμενοι.</em></strong></span> <span class='ocrx_word' id='word_1_63' title='bbox 872 1096 934 1180; x_wconf 81' lang='grc' dir='ltr'><strong><em>ἐγὼ</em></strong></span> <span class='ocrx_word' id='word_1_64' title='bbox 967 1093 1004 1162; x_wconf 75' lang='grc' dir='ltr'><strong><em>δὲ</em></strong></span> <span class='ocrx_word' id='word_1_65' title='bbox 1036 1099 1166 1182; x_wconf 87' lang='grc' dir='ltr'><strong><em>σύνειμι</em></strong></span> <span class='ocrx_word' id='word_1_66' title='bbox 1186 1112 1218 1162; x_wconf 70' lang='lat'><strong><em>12</em></strong></span> 
     </span>
     <span class='ocr_line' id='line_1_10' title="bbox 165 1197 1166 1288; baseline 0.003 -23"><span class='ocrx_word' id='word_1_67' title='bbox 165 1197 226 1284; x_wconf 75' lang='grc' dir='ltr'><strong><em>μὲν</em></strong></span> <span class='ocrx_word' id='word_1_68' title='bbox 248 1207 353 1284; x_wconf 88' lang='grc' dir='ltr'><strong><em>θεοῖς,</em></strong></span> <span class='ocrx_word' id='word_1_69' title='bbox 376 1202 506 1285; x_wconf 87' lang='grc' dir='ltr'><strong><em>σύνειμι</em></strong></span> <span class='ocrx_word' id='word_1_70' title='bbox 529 1199 558 1265; x_wconf 89' lang='grc' dir='ltr'><strong><em>δ’</em></strong></span> <span class='ocrx_word' id='word_1_71' title='bbox 582 1199 772 1285; x_wconf 82' lang='grc' dir='ltr'><strong><em>ἀνθρώποις</em></strong></span> <span class='ocrx_word' id='word_1_72' title='bbox 793 1212 862 1278; x_wconf 83' lang='grc' dir='ltr'><strong><em>τοῖς</em></strong></span> <span class='ocrx_word' id='word_1_73' title='bbox 884 1200 1035 1285; x_wconf 89' lang='grc' dir='ltr'><strong><em>ἀγαθοῖς·</em></strong></span> <span class='ocrx_word' id='word_1_74' title='bbox 1068 1205 1166 1288; x_wconf 81' lang='grc' dir='ltr'><strong><em>ἔργον</em></strong></span> 
     </span>
     <span class='ocr_line' id='line_1_11' title="bbox 164 1301 1167 1394; baseline 0.003 -24"><span class='ocrx_word' id='word_1_75' title='bbox 164 1302 201 1370; x_wconf 71' lang='grc' dir='ltr'><strong><em>δὲ</em></strong></span> <span class='ocrx_word' id='word_1_76' title='bbox 233 1307 335 1371; x_wconf 79' lang='grc' dir='ltr'><strong><em>καλόν</em></strong></span> <span class='ocrx_word' id='word_1_77' title='bbox 369 1301 469 1371; x_wconf 74' lang='grc' dir='ltr'><strong><em>οὐδὲν</em></strong></span> <span class='ocrx_word' id='word_1_78' title='bbox 500 1307 574 1372; x_wconf 82' lang='grc' dir='ltr'><strong><em>οὔτε</em></strong></span> <span class='ocrx_word' id='word_1_79' title='bbox 606 1313 702 1371; x_wconf 89' lang='grc' dir='ltr'><strong><em>θεῖον</em></strong></span> <span class='ocrx_word' id='word_1_80' title='bbox 733 1301 802 1370; x_wconf 78' lang='grc' dir='ltr'><strong><em>οὔτ’</em></strong></span> <span class='ocrx_word' id='word_1_81' title='bbox 831 1304 1041 1390; x_wconf 84' lang='grc' dir='ltr'><strong><em>ἀνθρώπειον</em></strong></span> <span class='ocrx_word' id='word_1_82' title='bbox 1068 1307 1167 1394; x_wconf 79' lang='grc' dir='ltr'><strong><em>χωρίς</em></strong></span> 
     </span>
     <span class='ocr_line' id='line_1_12' title="bbox 165 1407 1166 1499; baseline 0.003 -23"><span class='ocrx_word' id='word_1_83' title='bbox 165 1409 246 1494; x_wconf 87' lang='grc' dir='ltr'><strong><em>έμοῦ</em></strong></span> <span class='ocrx_word' id='word_1_84' title='bbox 269 1413 424 1494; x_wconf 86' lang='grc' dir='ltr'><strong><em>γίγνεται.</em></strong></span> <span class='ocrx_word' id='word_1_85' title='bbox 462 1421 603 1495; x_wconf 76' lang='grc' dir='ltr'><strong><em>τιμῶμαι</em></strong></span> <span class='ocrx_word' id='word_1_86' title='bbox 626 1407 663 1476; x_wconf 76' lang='grc' dir='ltr'><strong><em>δὲ</em></strong></span> <span class='ocrx_word' id='word_1_87' title='bbox 685 1411 825 1495; x_wconf 91' lang='grc' dir='ltr'><strong><em>μάλιστα</em></strong></span> <span class='ocrx_word' id='word_1_88' title='bbox 847 1411 980 1476; x_wconf 90' lang='grc' dir='ltr'><strong><em>πάντων</em></strong></span> <span class='ocrx_word' id='word_1_89' title='bbox 1002 1411 1056 1478; x_wconf 83' lang='grc' dir='ltr'><strong><em>καλ</em></strong></span> <span class='ocrx_word' id='word_1_90' title='bbox 1079 1415 1166 1499; x_wconf 81' lang='grc' dir='ltr'><strong><em>παρὰ</em></strong></span> 
     </span>
     <span class='ocr_line' id='line_1_13' title="bbox 163 1507 1166 1602; baseline 0.004 -22"><span class='ocrx_word' id='word_1_91' title='bbox 163 1522 256 1592; x_wconf 84' lang='grc' dir='ltr'><strong><em>θεοῖς</em></strong></span> <span class='ocrx_word' id='word_1_92' title='bbox 277 1513 332 1580; x_wconf 80' lang='grc' dir='ltr'><strong><em>καί</em></strong></span> <span class='ocrx_word' id='word_1_93' title='bbox 354 1513 430 1602; x_wconf 92' lang='grc' dir='ltr'><strong><em>παρ’</em></strong></span> <span class='ocrx_word' id='word_1_94' title='bbox 452 1514 642 1600; x_wconf 81' lang='grc' dir='ltr'><strong><em>ἀνθρώποις</em></strong></span> <span class='ocrx_word' id='word_1_95' title='bbox 665 1507 715 1592; x_wconf 80' lang='grc' dir='ltr'><strong><em>οἷς</em></strong></span> <span class='ocrx_word' id='word_1_96' title='bbox 736 1517 907 1601; x_wconf 80' lang='grc' dir='ltr'><strong><em>προσήκω,</em></strong></span> <span class='ocrx_word' id='word_1_97' title='bbox 935 1515 1082 1601; x_wconf 80' lang='grc' dir='ltr'><strong><em>ἀγαπητὴ</em></strong></span> <span class='ocrx_word' id='word_1_98' title='bbox 1105 1515 1166 1602; x_wconf 73' lang='grc' dir='ltr'><strong><em>μὲν</em></strong></span> 
     </span>
     <span class='ocr_line' id='line_1_14' title="bbox 165 1617 1166 1708; baseline 0.002 -22"><span class='ocrx_word' id='word_1_99' title='bbox 165 1623 323 1705; x_wconf 87' lang='grc' dir='ltr'><strong><em>συνεργὸς</em></strong></span> <span class='ocrx_word' id='word_1_100' title='bbox 350 1624 523 1706; x_wconf 80' lang='grc' dir='ltr'><strong><em>τεχνίταις,</em></strong></span> <span class='ocrx_word' id='word_1_101' title='bbox 549 1622 646 1704; x_wconf 89' lang='grc' dir='ltr'><strong><em>πιστή</em></strong></span> <span class='ocrx_word' id='word_1_102' title='bbox 670 1617 707 1686; x_wconf 75' lang='grc' dir='ltr'><strong><em>δὲ</em></strong></span> <span class='ocrx_word' id='word_1_103' title='bbox 730 1620 835 1706; x_wconf 82' lang='grc' dir='ltr'><strong><em>φύλαξ</em></strong></span> <span class='ocrx_word' id='word_1_104' title='bbox 860 1627 960 1686; x_wconf 84' lang='grc' dir='ltr'><strong><em>οῖκων</em></strong></span> <span class='ocrx_word' id='word_1_105' title='bbox 984 1623 1166 1708; x_wconf 87' lang='grc' dir='ltr'><strong><em>δεσπόταις,</em></strong></span> 
     </span>
     <span class='ocr_line' id='line_1_15' title="bbox 164 1722 1166 1811; baseline 0.002 -20"><span class='ocrx_word' id='word_1_106' title='bbox 164 1727 303 1811; x_wconf 86' lang='grc' dir='ltr'><strong><em>εὐμενής</em></strong></span> <span class='ocrx_word' id='word_1_107' title='bbox 326 1722 363 1790; x_wconf 75' lang='grc' dir='ltr'><strong><em>δὲ</em></strong></span> <span class='ocrx_word' id='word_1_108' title='bbox 384 1726 581 1811; x_wconf 79' lang='grc' dir='ltr'><strong><em>παραστάτις</em></strong></span> <span class='ocrx_word' id='word_1_109' title='bbox 603 1723 752 1807; x_wconf 79' lang='grc' dir='ltr'><strong><em>οἰκέταις,</em></strong></span> <span class='ocrx_word' id='word_1_110' title='bbox 775 1724 885 1810; x_wconf 86' lang='grc' dir='ltr'><strong><em>ἀγαθή</em></strong></span> <span class='ocrx_word' id='word_1_111' title='bbox 909 1723 947 1792; x_wconf 72' lang='grc' dir='ltr'><strong><em>δὲ</em></strong></span> <span class='ocrx_word' id='word_1_112' title='bbox 965 1730 1166 1811; x_wconf 76' lang='grc' dir='ltr'><strong><em>συλλήπτρια</em></strong></span> 
     </span>
     <span class='ocr_line' id='line_1_16' title="bbox 164 1828 1166 1922; baseline 0.002 -25"><span class='ocrx_word' id='word_1_113' title='bbox 164 1843 230 1897; x_wconf 88' lang='grc' dir='ltr'><strong><em>τῶν</em></strong></span> <span class='ocrx_word' id='word_1_114' title='bbox 254 1831 290 1896; x_wconf 85' lang='grc' dir='ltr'><strong><em>έν</em></strong></span> <span class='ocrx_word' id='word_1_115' title='bbox 314 1833 427 1918; x_wconf 87' lang='grc' dir='ltr'><strong><em>είρήνη</em></strong></span> <span class='ocrx_word' id='word_1_116' title='bbox 450 1834 575 1914; x_wconf 90' lang='grc' dir='ltr'><strong><em>πόνων,</em></strong></span> <span class='ocrx_word' id='word_1_117' title='bbox 597 1835 713 1915; x_wconf 89' lang='grc' dir='ltr'><strong><em>βεβαία</em></strong></span> <span class='ocrx_word' id='word_1_118' title='bbox 736 1828 773 1896; x_wconf 77' lang='grc' dir='ltr'><strong><em>δὲ</em></strong></span> <span class='ocrx_word' id='word_1_119' title='bbox 796 1842 862 1896; x_wconf 87' lang='grc' dir='ltr'><strong><em>τῶν</em></strong></span> <span class='ocrx_word' id='word_1_120' title='bbox 881 1831 918 1896; x_wconf 85' lang='grc' dir='ltr'><strong><em>έν</em></strong></span> <span class='ocrx_word' id='word_1_121' title='bbox 935 1830 1066 1922; x_wconf 88' lang='grc' dir='ltr'><strong><em>πολέμφ</em></strong></span> <span class='ocrx_word' id='word_1_122' title='bbox 1085 1837 1166 1918; x_wconf 92' lang='grc' dir='ltr'><strong><em>σύμ-</em></strong></span> 
     </span>
     <span class='ocr_line' id='line_1_17' title="bbox 165 1932 1219 2022; baseline 0 -21"><span class='ocrx_word' id='word_1_123' title='bbox 165 1961 266 2021; x_wconf 91' lang='grc' dir='ltr'><strong><em>μαχος</em></strong></span> <span class='ocrx_word' id='word_1_124' title='bbox 288 1938 405 2021; x_wconf 79' lang='grc' dir='ltr'><strong><em>ἔργων,</em></strong></span> <span class='ocrx_word' id='word_1_125' title='bbox 419 1935 542 2022; x_wconf 66' lang='grc' dir='ltr'><strong><em>Δἀρίστη</em></strong></span> <span class='ocrx_word' id='word_1_126' title='bbox 566 1932 603 2001; x_wconf 69' lang='grc' dir='ltr'><strong><em>δὲ</em></strong></span> <span class='ocrx_word' id='word_1_127' title='bbox 625 1940 736 2020; x_wconf 84' lang='grc' dir='ltr'><strong><em>φιλίας</em></strong></span> <span class='ocrx_word' id='word_1_128' title='bbox 752 1938 920 2013; x_wconf 90' lang='grc' dir='ltr'><strong><em>κοινωνός.</em></strong></span> <span class='ocrx_word' id='word_1_129' title='bbox 957 1939 1025 2002; x_wconf 82' lang='grc' dir='ltr'><strong><em>ἔστι</em></strong></span> <span class='ocrx_word' id='word_1_130' title='bbox 1044 1935 1080 2003; x_wconf 72' lang='grc' dir='ltr'><strong><em>δὲ</em></strong></span> <span class='ocrx_word' id='word_1_131' title='bbox 1098 1949 1166 2016; x_wconf 89' lang='grc' dir='ltr'><strong><em>τοῖς</em></strong></span> <span class='ocrx_word' id='word_1_132' title='bbox 1186 1953 1219 2002; x_wconf 81' lang='grc'><strong><em>13</em></strong></span> 
     </span>
     <span class='ocr_line' id='line_1_18' title="bbox 165 2037 1166 2126; baseline 0.002 -20"><span class='ocrx_word' id='word_1_133' title='bbox 165 2039 226 2126; x_wconf 76' lang='grc' dir='ltr'><strong><em>μὲν</em></strong></span> <span class='ocrx_word' id='word_1_134' title='bbox 254 2040 344 2125; x_wconf 82' lang='grc' dir='ltr'><strong><em>ἐμοῖς</em></strong></span> <span class='ocrx_word' id='word_1_135' title='bbox 369 2044 479 2125; x_wconf 87' lang='grc' dir='ltr'><strong><em>φίλοις</em></strong></span> <span class='ocrx_word' id='word_1_136' title='bbox 505 2040 599 2123; x_wconf 85' lang='grc' dir='ltr'><strong><em>ήδεῖα</em></strong></span> <span class='ocrx_word' id='word_1_137' title='bbox 626 2037 687 2124; x_wconf 72' lang='grc' dir='ltr'><strong><em>μὲν</em></strong></span> <span class='ocrx_word' id='word_1_138' title='bbox 709 2042 764 2106; x_wconf 84' lang='grc' dir='ltr'><strong><em>καί</em></strong></span> <span class='ocrx_word' id='word_1_139' title='bbox 787 2039 967 2126; x_wconf 83' lang='grc' dir='ltr'><strong><em>ἀπράγμων</em></strong></span> <span class='ocrx_word' id='word_1_140' title='bbox 990 2045 1089 2108; x_wconf 88' lang='grc' dir='ltr'><strong><em>σίτων</em></strong></span> <span class='ocrx_word' id='word_1_141' title='bbox 1112 2043 1166 2108; x_wconf 88' lang='grc' dir='ltr'><strong><em>καὶ</em></strong></span> 
     </span>
     <span class='ocr_line' id='line_1_19' title="bbox 165 2145 1167 2232; baseline 0.001 -20"><span class='ocrx_word' id='word_1_142' title='bbox 165 2157 275 2213; x_wconf 86' lang='grc' dir='ltr'><strong><em>ποτῶν</em></strong></span> <span class='ocrx_word' id='word_1_143' title='bbox 293 2145 485 2223; x_wconf 91' lang='grc' dir='ltr'><strong><em>ἀπόλαυσις·</em></strong></span> <span class='ocrx_word' id='word_1_144' title='bbox 509 2145 681 2232; x_wconf 89' lang='grc' dir='ltr'><strong><em>ἀνέχονται</em></strong></span> <span class='ocrx_word' id='word_1_145' title='bbox 695 2146 769 2230; x_wconf 92' lang='grc' dir='ltr'><strong><em>γάρ,</em></strong></span> <span class='ocrx_word' id='word_1_146' title='bbox 788 2145 848 2223; x_wconf 77' lang='grc' dir='ltr'><strong><em>ἕως</em></strong></span> <span class='ocrx_word' id='word_1_147' title='bbox 861 2145 903 2212; x_wconf 83' lang='grc' dir='ltr'><strong><em>ἀν</em></strong></span> <span class='ocrx_word' id='word_1_148' title='bbox 917 2146 1167 2232; x_wconf 82' lang='grc' dir='ltr'><strong><em>ἐπιθυμήσωσιν</em></strong></span> 
     </span>
     <span class='ocr_line' id='line_1_20' title="bbox 166 2248 1168 2336; baseline 0.002 -19"><span class='ocrx_word' id='word_1_149' title='bbox 166 2253 283 2319; x_wconf 83' lang='grc' dir='ltr'><strong><em>αὐτῶν.</em></strong></span> <span class='ocrx_word' id='word_1_150' title='bbox 337 2251 441 2329; x_wconf 82' lang='grc' dir='ltr'><strong><em>ύπνος</em></strong></span> <span class='ocrx_word' id='word_1_151' title='bbox 481 2248 513 2317; x_wconf 92' lang='grc' dir='ltr'><strong><em>δ’</em></strong></span> <span class='ocrx_word' id='word_1_152' title='bbox 558 2251 668 2328; x_wconf 84' lang='grc' dir='ltr'><strong><em>αὐτοῖς</em></strong></span> <span class='ocrx_word' id='word_1_153' title='bbox 707 2251 862 2335; x_wconf 91' lang='grc' dir='ltr'><strong><em>πάρεστιν</em></strong></span> <span class='ocrx_word' id='word_1_154' title='bbox 902 2251 1007 2334; x_wconf 80' lang='grc' dir='ltr'><strong><em>ἡδίων</em></strong></span> <span class='ocrx_word' id='word_1_155' title='bbox 1042 2252 1063 2336; x_wconf 79' lang='grc' dir='ltr'><em>ἢ</em></span> <span class='ocrx_word' id='word_1_156' title='bbox 1099 2265 1168 2330; x_wconf 89' lang='grc' dir='ltr'><strong><em>τοῖς</em></strong></span> 
     </span>
     <span class='ocr_line' id='line_1_21' title="bbox 166 2354 1166 2443; baseline 0.001 -21"><span class='ocrx_word' id='word_1_157' title='bbox 166 2357 343 2443; x_wconf 84' lang='grc' dir='ltr'><strong><em>ἀμόχθοις,</em></strong></span> <span class='ocrx_word' id='word_1_158' title='bbox 363 2355 418 2422; x_wconf 86' lang='grc' dir='ltr'><strong><em>καὶ</em></strong></span> <span class='ocrx_word' id='word_1_159' title='bbox 441 2354 511 2422; x_wconf 75' lang='grc' dir='ltr'><strong><em>οὔτ’</em></strong></span> <span class='ocrx_word' id='word_1_160' title='bbox 532 2356 763 2432; x_wconf 86' lang='grc' dir='ltr'><strong><em>ἀπολείποντες</em></strong></span> <span class='ocrx_word' id='word_1_161' title='bbox 785 2356 886 2421; x_wconf 88' lang='grc' dir='ltr'><strong><em>αὐτὸν</em></strong></span> <span class='ocrx_word' id='word_1_162' title='bbox 910 2357 1068 2440; x_wconf 86' lang='grc' dir='ltr'><strong><em>άχθουται</em></strong></span> <span class='ocrx_word' id='word_1_163' title='bbox 1091 2359 1166 2423; x_wconf 78' lang='grc' dir='ltr'><strong><em>οὔτε</em></strong></span> 
     </span>
     <span class='ocr_line' id='line_1_22' title="bbox 167 2459 1166 2547; baseline 0.001 -19"><span class='ocrx_word' id='word_1_164' title='bbox 167 2464 223 2528; x_wconf 82' lang='grc' dir='ltr'><strong><em>διδ</em></strong></span> <span class='ocrx_word' id='word_1_165' title='bbox 248 2473 366 2529; x_wconf 86' lang='grc' dir='ltr'><strong><em>τοῦτον</em></strong></span> <span class='ocrx_word' id='word_1_166' title='bbox 393 2469 528 2547; x_wconf 80' lang='grc' dir='ltr'><strong><em>μεθιᾶσι</em></strong></span> <span class='ocrx_word' id='word_1_167' title='bbox 554 2463 594 2527; x_wconf 80' lang='grc' dir='ltr'><strong><em>τά</em></strong></span> <span class='ocrx_word' id='word_1_168' title='bbox 622 2460 928 2544; x_wconf 88' lang='grc' dir='ltr'><strong><em>δέονταπράττειν.</em></strong></span> <span class='ocrx_word' id='word_1_169' title='bbox 973 2464 1027 2526; x_wconf 88' lang='grc' dir='ltr'><strong><em>καί</em></strong></span> <span class='ocrx_word' id='word_1_170' title='bbox 1051 2464 1086 2527; x_wconf 84' lang='grc' dir='ltr'><strong><em>οί</em></strong></span> <span class='ocrx_word' id='word_1_171' title='bbox 1105 2459 1166 2546; x_wconf 75' lang='grc' dir='ltr'><strong><em>μὲν</em></strong></span> 
     </span>
     <span class='ocr_line' id='line_1_23' title="bbox 166 2548 1167 2654; baseline 0 -22"><span class='ocrx_word' id='word_1_172' title='bbox 166 2567 237 2633; x_wconf 89' lang='grc' dir='ltr'><strong><em>νέοι</em></strong></span> <span class='ocrx_word' id='word_1_173' title='bbox 261 2580 329 2644; x_wconf 84' lang='grc' dir='ltr'><strong><em>τοῖς</em></strong></span> <span class='ocrx_word' id='word_1_174' title='bbox 351 2579 417 2633; x_wconf 90' lang='grc' dir='ltr'><strong><em>τῶν</em></strong></span> <span class='ocrx_word' id='word_1_175' title='bbox 440 2548 669 2654; x_wconf 81' lang='grc' dir='ltr'><strong><em>πρεσβυτέρων</em></strong></span> <span class='ocrx_word' id='word_1_176' title='bbox 692 2565 837 2642; x_wconf 82' lang='grc' dir='ltr'><strong><em>ἐπαίνοις</em></strong></span> <span class='ocrx_word' id='word_1_177' title='bbox 858 2569 1047 2650; x_wconf 88' lang='grc' dir='ltr'><strong><em>χαίρουσιν,</em></strong></span> <span class='ocrx_word' id='word_1_178' title='bbox 1075 2568 1110 2632; x_wconf 78' lang='grc' dir='ltr'><strong><em>ολ</em></strong></span> <span class='ocrx_word' id='word_1_179' title='bbox 1130 2564 1167 2632; x_wconf 73' lang='grc' dir='ltr'><strong><em>δὲ</em></strong></span> 
     </span>
     <span class='ocr_line' id='line_1_24' title="bbox 167 2669 1168 2758; baseline 0 -21"><span class='ocrx_word' id='word_1_180' title='bbox 167 2675 348 2758; x_wconf 87' lang='grc' dir='ltr'><strong><em>γεραίτεροι</em></strong></span> <span class='ocrx_word' id='word_1_181' title='bbox 366 2683 437 2748; x_wconf 90' lang='grc' dir='ltr'><strong><em>ταῖς</em></strong></span> <span class='ocrx_word' id='word_1_182' title='bbox 454 2681 520 2736; x_wconf 89' lang='grc' dir='ltr'><strong><em>τῶν</em></strong></span> <span class='ocrx_word' id='word_1_183' title='bbox 538 2669 624 2737; x_wconf 90' lang='grc' dir='ltr'><strong><em>νέων</em></strong></span> <span class='ocrx_word' id='word_1_184' title='bbox 642 2681 749 2754; x_wconf 89' lang='grc' dir='ltr'><strong><em>τιμαῖς</em></strong></span> <span class='ocrx_word' id='word_1_185' title='bbox 762 2669 972 2753; x_wconf 89' lang='grc' dir='ltr'><strong><em>ἀγάλλονται·</em></strong></span> <span class='ocrx_word' id='word_1_186' title='bbox 995 2673 1050 2735; x_wconf 85' lang='grc' dir='ltr'><strong><em>καί</em></strong></span> <span class='ocrx_word' id='word_1_187' title='bbox 1063 2669 1168 2754; x_wconf 85' lang='grc' dir='ltr'><strong><em>ήδέως</em></strong></span> 
     </span>
     <span class='ocr_line' id='line_1_25' title="bbox 167 2770 1167 2862; baseline 0 -20"><span class='ocrx_word' id='word_1_188' title='bbox 167 2773 228 2862; x_wconf 73' lang='grc' dir='ltr'><strong><em>μὲν</em></strong></span> <span class='ocrx_word' id='word_1_189' title='bbox 246 2787 312 2843; x_wconf 83' lang='grc' dir='ltr'><strong><em>τῶν</em></strong></span> <span class='ocrx_word' id='word_1_190' title='bbox 330 2780 478 2842; x_wconf 87' lang='grc' dir='ltr'><strong><em>παλαιῶν</em></strong></span> <span class='ocrx_word' id='word_1_191' title='bbox 495 2774 645 2862; x_wconf 80' lang='grc' dir='ltr'><strong><em>πράξεων</em></strong></span> <span class='ocrx_word' id='word_1_192' title='bbox 663 2772 854 2859; x_wconf 88' lang='grc' dir='ltr'><strong><em>μέμνηνται,</em></strong></span> <span class='ocrx_word' id='word_1_193' title='bbox 872 2770 910 2840; x_wconf 86' lang='grc' dir='ltr'><strong><em>εὖ</em></strong></span> <span class='ocrx_word' id='word_1_194' title='bbox 925 2771 962 2840; x_wconf 72' lang='grc' dir='ltr'><strong><em>δὲ</em></strong></span> <span class='ocrx_word' id='word_1_195' title='bbox 975 2777 1032 2852; x_wconf 79' lang='grc' dir='ltr'><strong><em>τάς</em></strong></span> <span class='ocrx_word' id='word_1_196' title='bbox 1044 2778 1167 2860; x_wconf 91' lang='grc' dir='ltr'><strong><em>παρού-</em></strong></span> 
     </span>
    </p>

    <p class='ocr_par' dir='ltr' id='par_1_3' title="bbox 140 2876 1220 3596">
     <span class='ocr_line' id='line_1_26' title="bbox 140 2876 1167 2967; baseline -0.002 -19"><span class='ocrx_word' id='word_1_197' title='bbox 140 2891 144 2904; x_wconf 87' lang='grc'><strong>’</strong></span> <span class='ocrx_word' id='word_1_198' title='bbox 167 2900 226 2960; x_wconf 89' lang='grc' dir='ltr'><strong><em>σας</em></strong></span> <span class='ocrx_word' id='word_1_199' title='bbox 248 2883 384 2965; x_wconf 87' lang='grc' dir='ltr'><strong><em>ήδονται</em></strong></span> <span class='ocrx_word' id='word_1_200' title='bbox 401 2881 608 2967; x_wconf 90' lang='grc' dir='ltr'><strong><em>πράττοντες,</em></strong></span> <span class='ocrx_word' id='word_1_201' title='bbox 631 2877 679 2945; x_wconf 86' lang='grc' dir='ltr'><strong><em>δι’.</em></strong></span> <span class='ocrx_word' id='word_1_202' title='bbox 693 2876 748 2964; x_wconf 73' lang='grc' dir='ltr'><strong><em>ε’μδ</em></strong></span> <span class='ocrx_word' id='word_1_203' title='bbox 766 2884 858 2964; x_wconf 90' lang='grc' dir='ltr'><strong><em>φίλοι</em></strong></span> <span class='ocrx_word' id='word_1_204' title='bbox 877 2876 936 2964; x_wconf 74' lang='grc' dir='ltr'><strong><em>μὶν</em></strong></span> <span class='ocrx_word' id='word_1_205' title='bbox 954 2887 1047 2958; x_wconf 86' lang='grc' dir='ltr'><strong><em>θεοῖς</em></strong></span> <span class='ocrx_word' id='word_1_206' title='bbox 1065 2883 1167 2966; x_wconf 84' lang='grc' dir='ltr'><strong><em>όντες,</em></strong></span> 
     </span>
     <span class='ocr_line' id='line_1_27' title="bbox 167 2980 1220 3072; baseline 0 -20"><span class='ocrx_word' id='word_1_207' title='bbox 167 2984 326 3071; x_wconf 83' lang='grc' dir='ltr'><strong><em>ἀγαπητοὶ</em></strong></span> <span class='ocrx_word' id='word_1_208' title='bbox 350 2982 386 3051; x_wconf 71' lang='grc' dir='ltr'><strong><em>δὲ</em></strong></span> <span class='ocrx_word' id='word_1_209' title='bbox 408 2990 528 3071; x_wconf 88' lang='grc' dir='ltr'><strong><em>φίλοις,</em></strong></span> <span class='ocrx_word' id='word_1_210' title='bbox 551 2988 652 3069; x_wconf 89' lang='grc' dir='ltr'><strong><em>τίμιοι</em></strong></span> <span class='ocrx_word' id='word_1_211' title='bbox 676 2980 714 3049; x_wconf 69' lang='grc' dir='ltr'><strong><em>δέ</em></strong></span> <span class='ocrx_word' id='word_1_212' title='bbox 734 2989 896 3070; x_wconf 90' lang='grc' dir='ltr'><strong><em>πατρίσιν.</em></strong></span> <span class='ocrx_word' id='word_1_213' title='bbox 934 2985 1012 3050; x_wconf 80' lang='grc' dir='ltr'><strong><em>ὅταν</em></strong></span> <span class='ocrx_word' id='word_1_214' title='bbox 1036 2983 1066 3050; x_wconf 88' lang='grc' dir='ltr'><strong><em>δ’</em></strong></span> <span class='ocrx_word' id='word_1_215' title='bbox 1084 2989 1166 3072; x_wconf 79' lang='grc' dir='ltr'><strong><em>ἔλθη</em></strong></span> <span class='ocrx_word' id='word_1_216' title='bbox 1187 3003 1220 3052; x_wconf 83' lang='grc'><strong><em>14</em></strong></span> 
     </span>
     <span class='ocr_line' id='line_1_28' title="bbox 167 3089 1167 3177; baseline -0.001 -20"><span class='ocrx_word' id='word_1_217' title='bbox 167 3095 203 3159; x_wconf 88' lang='grc' dir='ltr'><strong><em>τὸ</em></strong></span> <span class='ocrx_word' id='word_1_218' title='bbox 231 3089 445 3177; x_wconf 86' lang='grc' dir='ltr'><strong><em>πεπρωμένον</em></strong></span> <span class='ocrx_word' id='word_1_219' title='bbox 472 3089 580 3172; x_wconf 87' lang='grc' dir='ltr'><strong><em>τέλος,</em></strong></span> <span class='ocrx_word' id='word_1_220' title='bbox 606 3090 647 3155; x_wconf 90' lang='grc' dir='ltr'><strong><em>ού</em></strong></span> <span class='ocrx_word' id='word_1_221' title='bbox 670 3091 750 3173; x_wconf 80' lang='grc' dir='ltr'><strong><em>μετὰ</em></strong></span> <span class='ocrx_word' id='word_1_222' title='bbox 773 3094 878 3174; x_wconf 88' lang='grc' dir='ltr'><strong><em>λήθης</em></strong></span> <span class='ocrx_word' id='word_1_223' title='bbox 900 3091 1009 3173; x_wconf 85' lang='grc' dir='ltr'><strong><em>ἀτιμοι</em></strong></span> <span class='ocrx_word' id='word_1_224' title='bbox 1032 3101 1167 3175; x_wconf 90' lang='grc' dir='ltr'><strong><em>κεῖνται,</em></strong></span> 
     </span>
     <span class='ocr_line' id='line_1_29' title="bbox 167 3193 1208 3282; baseline -0.001 -20"><span class='ocrx_word' id='word_1_225' title='bbox 167 3197 250 3263; x_wconf 87' lang='grc' dir='ltr'><strong><em>ἀλλά</em></strong></span> <span class='ocrx_word' id='word_1_226' title='bbox 279 3198 359 3282; x_wconf 79' lang='grc' dir='ltr'><strong><em>μετὰ</em></strong></span> <span class='ocrx_word' id='word_1_227' title='bbox 388 3199 516 3281; x_wconf 79' lang='grc' dir='ltr'><strong><em>μνήμης</em></strong></span> <span class='ocrx_word' id='word_1_228' title='bbox 545 3197 603 3260; x_wconf 90' lang='grc' dir='ltr'><strong><em>τὸν</em></strong></span> <span class='ocrx_word' id='word_1_229' title='bbox 630 3193 680 3259; x_wconf 84' lang='grc' dir='ltr'><strong><em>ἀεὶ</em></strong></span> <span class='ocrx_word' id='word_1_230' title='bbox 707 3197 829 3278; x_wconf 91' lang='grc' dir='ltr'><strong><em>χρόνον</em></strong></span> <span class='ocrx_word' id='word_1_231' title='bbox 855 3194 1058 3278; x_wconf 86' lang='grc' dir='ltr'><strong><em>ὑμνούμενοι</em></strong></span> <span class='ocrx_word' id='word_1_232' title='bbox 1084 3196 1167 3261; x_wconf 88' lang='grc' dir='ltr'><strong><em>θάλ-</em></strong></span> <span class='ocrx_word' id='word_1_233' title='bbox 1205 3235 1208 3240; x_wconf 94' lang='grc'><strong>-</strong></span> 
     </span>
     <span class='ocr_line' id='line_1_30' title="bbox 167 3295 1167 3386; baseline -0.001 -19"><span class='ocrx_word' id='word_1_234' title='bbox 167 3307 271 3368; x_wconf 88' lang='grc' dir='ltr'><strong><em>λουσι.</em></strong></span> <span class='ocrx_word' id='word_1_235' title='bbox 307 3303 441 3368; x_wconf 90' lang='grc' dir='ltr'><strong><em>τοιαῦτά</em></strong></span> <span class='ocrx_word' id='word_1_236' title='bbox 464 3319 529 3385; x_wconf 92' lang='grc' dir='ltr'><strong><em>σοι,</em></strong></span> <span class='ocrx_word' id='word_1_237' title='bbox 553 3295 579 3364; x_wconf 80' lang='grc' dir='ltr'><strong><em>ό)</em></strong></span> <span class='ocrx_word' id='word_1_238' title='bbox 601 3312 663 3365; x_wconf 91' lang='grc' dir='ltr'><strong><em>παῖ</em></strong></span> <span class='ocrx_word' id='word_1_239' title='bbox 682 3299 806 3365; x_wconf 88' lang='grc' dir='ltr'><strong><em>τοκέων</em></strong></span> <span class='ocrx_word' id='word_1_240' title='bbox 829 3299 965 3383; x_wconf 87' lang='grc' dir='ltr'><strong><em>ἀγαθῶν</em></strong></span> <span class='ocrx_word' id='word_1_241' title='bbox 983 3297 1167 3386; x_wconf 87' lang='grc' dir='ltr'><strong><em>Ἡράκλεις,</em></strong></span> 
     </span>
     <span class='ocr_line' id='line_1_31' title="bbox 167 3404 1166 3495; baseline -0.001 -23"><span class='ocrx_word' id='word_1_242' title='bbox 167 3407 270 3486; x_wconf 78' lang='grc' dir='ltr'><strong><em>ἔξεστι</em></strong></span> <span class='ocrx_word' id='word_1_243' title='bbox 289 3406 561 3495; x_wconf 77' lang='grc' dir='ltr'><strong><em>διαπονησαμένῳ</em></strong></span> <span class='ocrx_word' id='word_1_244' title='bbox 579 3407 640 3490; x_wconf 86' lang='grc' dir='ltr'><strong><em>τήν</em></strong></span> <span class='ocrx_word' id='word_1_245' title='bbox 658 3405 938 3491; x_wconf 86' lang='grc' dir='ltr'><strong><em>μακαριστοτάτην</em></strong></span> <span class='ocrx_word' id='word_1_246' title='bbox 951 3404 1166 3489; x_wconf 86' lang='grc' dir='ltr'><strong><em>εὐδαιμονίαν</em></strong></span> 
     </span>
     <span class='ocr_line' id='line_1_32' title="bbox 166 3512 364 3596; baseline -0.005 -18"><span class='ocrx_word' id='word_1_247' title='bbox 166 3512 364 3596; x_wconf 82' lang='grc' dir='ltr'><strong><em>κεκτήσθαι.’</em></strong></span> 
     </span>
    </p>
   </div>
   <div class='ocr_carea' id='block_1_3' title="bbox 0 0 1373 4028">
    <p class='ocr_par' dir='ltr' id='par_1_4' title="bbox 0 0 1373 4028">
     <span class='ocr_line' id='line_1_33' title="bbox 0 0 1373 4028; baseline 0 0"><span class='ocrx_word' id='word_1_248' title='bbox 0 0 1373 4028; x_wconf 95' lang='lat' dir='ltr'><strong><em> </em></strong></span> 
     </span>
    </p>
   </div>
  </div>
 </body>
</html>
