2722 4028
497 213 529 270 V.
548 211 806 264 ΠΑΟῪΤΑΡΧΟΣ,
1111 209 1150 272 17

149 371 327 448 τοσούτους
350 371 535 454 εὑρεθῆναι.
574 369 637 451 ἐγὼ
662 364 699 434 δὲ
721 370 788 454 δρῶ
808 367 888 434 ’καθ’
909 370 994 454 ἡμᾶς
1015 371 1075 452 τὴν
1098 390 1187 455 got-2

150 479 331 562 λαδελφίαν
358 477 444 542 οὕτω
473 475 613 540 σπάνιον
637 469 757 558 οὖσαν,
784 475 828 552 ὡς
849 478 910 559 την
933 477 1153 559 μισαδελφίαν

151 580 204 647 ἐπὶ
222 593 288 648 τῶν
306 587 467 665 παλαιῶν,
484 576 523 663 ἧς
540 581 633 664 γετὰ
651 578 796 664 φανέντα
814 582 1059 665 παραδείγματα
1077 605 1153 665 τρα-

151 689 287 776 γφδίαις
304 686 358 752 καὶ
375 687 530 769 θεάτροις
549 686 567 751 δ
585 689 657 769 βίος
675 684 810 763 ἐξέδωκε
830 687 885 750 διά
901 689 937 752 τὸ
951 685 1152 771 παράδοξον·

150 795 187 858 οί
202 789 239 858 δέ
256 803 321 858 νῦν
339 794 512 877 ἅνθρωποι
530 791 649 866 πάντες
667 791 747 855 ὅταν
765 790 988 876 ἐντυγχάνωσι
1001 802 1154 876 χρηστοῖς

149 898 319 983 ἀδελφοῖς,
336 897 565 982 θαυμάζουσιν
584 892 684 962 οὐδέν
701 891 800 979 ἧττον
818 896 838 980 ἢ
857 900 933 973 τοὺς
946 898 1154 972 Μολιονίδας

153 1003 314 1086 ἐκείνους,
342 1016 503 1086 συμφυεῖς
524 1013 593 1078 τοῖς
616 1003 743 1084 σώμασι
766 1000 938 1084 γεγονέναι
962 1004 1154 1076 δοκοῦντας·
1271 1051 1277 1066 .

151 1107 207 1173 καὶ
228 1110 265 1174 τὸ
288 1114 432 1194 χρῆσθαι
455 1118 574 1183 κοινῶς
596 1118 665 1182 τοῖς
686 1104 850 1194 πατρςόοις
867 1109 1009 1192 χρήμασι
1026 1105 1081 1172 καὶ
1099 1109 1155 1189 φί-

151 1219 223 1290 λοις
243 1212 298 1278 καὶ
321 1214 454 1289 δούλοις
477 1213 581 1288 οὕτως
603 1213 741 1277 ἄπιστον
763 1213 923 1296 ἡγοῦνται
944 1210 998 1276 καὶ
1016 1223 1155 1297 τερατῶ-

152 1321 219 1402 δες,
242 1319 285 1395 ὡς
307 1321 344 1384 τὸ
367 1324 511 1404 χρῆσθαι
534 1321 613 1402 μίαν
636 1319 745 1404 ψυχὴν
768 1319 864 1383 δυοῑν
884 1318 1044 1402 σωμάτων
1063 1315 1155 1402 χερσὶ

152 1422 208 1489 καὶ
229 1425 307 1489 ποσί
329 1421 384 1488 καὶ
407 1423 600 1507 ὀφθαλμοῖς.

219 1533 336 1596 Καίτοι
363 1531 400 1594 τὸ
428 1529 633 1614 παράδειγμα
659 1537 716 1611 τῆς
742 1529 886 1614 χρήσεως
912 1540 979 1594 τῶν
1001 1528 1190 1613 άδελφῶν3

152 1636 173 1718 η
197 1637 295 1721 φύσις
318 1634 359 1700 οὐ
382 1635 510 1719 μακράν
533 1636 669 1716 ἔθηκεν,
698 1631 768 1698 ἀλλ’
792 1633 828 1699 ἐν
852 1633 939 1720 αὐτῷ
962 1643 1007 1721 τῷ
1032 1635 1156 1718 σάματι

152 1742 192 1806 τά
218 1746 353 1805 πλείστα
379 1750 446 1804 τῶν
473 1737 661 1822 άναγκαίων
690 1739 781 1804 διττά
802 1737 855 1804 καὶ
880 1737 1007 1823 άδελφά
1030 1738 1084 1804 καὶ
1107 1740 1157 1803 δί-

153 1849 243 1930 δυμα
256 1842 521 1929 μηχανησαμένη,
539 1855 659 1929 χεῖρας,
677 1846 791 1927 πόδας,
805 1847 945 1928 όμματα,
959 1839 1037 1927 ὦτα,
1051 1845 1157 1930 ῥῖνας,

154 1950 320 2033 ἐδίδαξεν,
350 1949 399 2013 ὅτι
427 1959 529 2015 ταῦτα
555 1949 661 2014 πάντα
689 1953 849 2036 σωτηρίας
876 1949 970 2014 ἕνεκα
998 1948 1052 2014 καὶ
1076 1967 1157 2033 συμ-

153 2053 300 2138 πράξεως
321 2063 446 2137 κοινῆς,
469 2055 509 2119 ού
533 2057 693 2139 διαφορᾶς
714 2057 769 2119 καί
787 2055 901 2140 μάχης,
924 2055 1009 2119 οὕτω
1029 2053 1157 2138 διίστη-

154 2178 229 2226 σεν·
265 2160 365 2236 αὐτάς
395 2183 430 2224 τε
461 2161 518 2236 τάς
548 2171 658 2245 χεῖρας
689 2162 736 2236 είς
766 2163 909 2237 πολλοὺς
938 2158 993 2225 καὶ
1022 2159 1158 2236 άνίσους

154 2267 335 2342 δακτύλους
363 2268 501 2350 σχίσασα
527 2264 661 2329 πάντων
689 2265 840 2349 ὀργάνων
863 2263 1080 2349 ἐμμελέστατα
1102 2263 1157 2329 καὶ

154 2373 368 2455 τεχνικώτατα
390 2368 567 2455 παρέσχεν,
590 2371 672 2435 ὥστε
692 2367 914 2454 Ἀναξαγόραν
936 2373 994 2436 τὸν
1016 2371 1158 2434 παλαιὸν

155 2475 192 2542 ἐν
223 2488 292 2553 ταῖς
323 2474 414 2562 χερσὶ
446 2477 507 2559 τὴν
539 2479 647 2540 αίτίαν
675 2480 831 2540 τίθεσθαι
859 2484 916 2560 τῆς
945 2474 1159 2560 ἀνθρωπίνης

154 2584 273 2666 σοφίας
294 2580 349 2644 καὶ
372 2579 542 2656 συνέσεως.
580 2579 662 2647 ἀλλά
685 2581 804 2646 τούτου
827 2576 888 2664 μὲν
911 2581 1018 2645 ἔοικεν
1036 2576 1159 2662 ἀληθές

154 2681 241 2751 εἶναι
262 2685 465 2752 τούναντίον.
503 2685 544 2750 οὐ
566 2687 628 2771 γάρ
652 2685 702 2750 ὅτι
724 2697 834 2771 χεῖρας
856 2687 950 2770 ἔσχεν
968 2686 1157 2769 ἅνθρωπος,

154 2791 360 2876 σοφώτατον·
397 2788 468 2856 ἀλλ’
496 2792 545 2856 ὅτι
572 2792 671 2876 φύσει
698 2792 832 2874 λογικὸν
854 2785 897 2873 ἦν
920 2788 974 2854 καὶ
997 2792 1159 2874 τεχνικόν,

154 2896 307 2981 ὀργάνων
330 2896 429 2979 φύσει
451 2897 611 2961 τοιούτων
634 2899 758 2981 ἔτυχεν.
795 2895 900 2960 ἐκεῖνο
925 2891 962 2960 δὲ
984 2893 1082 2960 παντὶ
1101 2896 1194 2978 δοῖ-4

156 3006 232 3084 λον,
259 3001 302 3076 ὡς
329 2999 392 3065 άπὸ
421 2999 602 3085 σπέρματος
625 2999 698 3078 ἑνὸς
720 2999 775 3066 καὶ
797 3010 873 3083 μιᾶς
895 2999 995 3086 ἀρχῆς
1016 3000 1036 3083 ἡ
1059 3001 1160 3084 φύσις

155 3105 320 3190 ἀδελφοὺς
338 3105 400 3170 δύο
419 3103 473 3170 καὶ
492 3117 577 3190 τρεῖς
594 3103 649 3170 καὶ
667 3109 822 3181 πλείονας
839 3103 1004 3188 ἐποίησεν,
1022 3104 1063 3169 ού
1077 3106 1159 3189 πρὸς

156 3212 320 3296 διαφοράν
342 3209 397 3276 καὶ
420 3209 597 3294 ἀντίταξιν,
620 3209 691 3276 ἀλλ’
715 3211 803 3286 ὅπως
824 3208 924 3295 χωρὶς
946 3212 1037 3286 όντες
1060 3208 1159 3292 άλλη-

155 3319 226 3391 λοις
254 3322 379 3400 μᾶλλον
408 3327 622 3402 συνεργῶσιν.
668 3317 703 3382 οί
727 3317 789 3402 γάρ
819 3317 859 3400 δὴ
882 3316 1080 3400 τρισώματοι
1102 3313 1158 3380 καὶ

155 3417 386 3505 ἑκατόγχειρες,
409 3427 499 3507 είπερ
518 3421 684 3506 ἐγένοντο,
703 3431 866 3506 συμφυεῖς
884 3423 976 3497 όντες
992 3429 1072 3486 πᾶσι
1091 3432 1161 3498 τοῖς

154 3531 288 3610 μέρεσιν
307 3522 407 3591 οὐδὲν
425 3526 517 3603 ἐκτὸς
535 3525 643 3594 αὐτῶν
658 3523 737 3592 οὐδὲ
750 3524 849 3612 χωρὶς
863 3525 1022 3592 ἐδύναντο
1036 3537 1161 3591 ποιεῖν·

207 3638 358 3688 Florilegium
373 3638 484 3680 Graecum
498 3641 564 3680 VIII.
983 3635 999 3682 2
