2722 4028
483 193 554 247 XIV.
573 193 830 246 ΠΔΟἸΤΑΡΧΟΣ.
1113 191 1156 256 49

153 353 279 414 Νικίου
294 360 354 416 τοῦ
368 361 563 436 στρατηγοῦ,
582 350 621 417 δν
635 354 758 434 τρόπον
772 349 954 434 ἀπόλωλεν,
971 347 1158 434 ἀκηκόασιν.

153 453 259 530 οὕτως
286 456 414 540 ἀμαχόν
441 479 472 520 τι
499 457 601 521 κακὸν
628 453 683 520 καὶ
707 452 930 538 ἀνουθέτητον
952 455 973 538 η
997 459 1158 539 συνήθεια

152 560 324 642 ποιεῖτὴν
348 557 553 644 ἀδολεσχίαν.

224 663 294 728 Οὐκ
312 667 381 728 ἔστι
400 665 550 748 γλώσσης
568 664 707 748 ῥεούσης
720 663 882 749 ἐπίσχεσις
896 661 973 729 οὐδὲ
987 667 1157 747 κολασμός.
1178 681 1212 728 14

155 767 193 833 έν
215 769 441 852 Λακεδαίμονι
465 778 522 852 τῆς
546 773 744 834 Χαλκιοίκου
767 771 804 835 τὸ
828 769 918 855 ἱερὸν
941 771 1038 853 ῶφθη
1063 785 1157 833 σεσυ-

155 872 299 956 λημένον
331 871 385 938 καλ
417 879 549 958 κειμένη
581 876 680 939 ἔνδον
711 875 790 958 κενὴ
823 874 972 957 λάγηνος.
1022 869 1064 958 ἦν
1096 869 1157 940 οὖν

155 973 276 1063 ἀπορία
298 983 430 1043 πολλῶν
454 981 785 1064 συνδεδραμηκότων·
813 983 871 1043 καί
885 1003 935 1055 τις
951 990 1018 1044 τῶν
1035 982 1158 1062 παρόν-

155 1107 223 1148 των
260 1083 315 1147 ‘El
340 1084 527 1167 βούλεσθέ,
554 1080 661 1167 εἶπεν,
691 1084 766 1167 “ἐγῶ
794 1085 910 1170 φράσω
937 1083 1033 1168 ὑμῖν,
1060 1085 1157 1168 δμοι

154 1192 349 1271 παρίσταται
368 1187 443 1273 περὶ
462 1199 519 1271 τῆς
537 1192 691 1272 λαγύνου.
727 1193 847 1273 νομίζω
866 1189 952 1275 γάρ’,
975 1193 1049 1274 ἔφη,
1069 1189 1157 1266 (τοὺς

157 1295 349 1379 ἱεροσύλους
381 1291 432 1356 ἐπὶ
465 1298 660 1376 τηλικοῦτον
692 1294 803 1360 ἐλθεῖν
832 1295 991 1359 κίνδυνον
1019 1297 1157 1360 κώνειον

156 1399 331 1483 ἐμπιόντας
353 1397 408 1463 καὶ
430 1402 620 1482 κομίζοντας
643 1395 749 1482 οἶνον,
771 1400 828 1464 ἵνα
845 1401 877 1463 εί
893 1395 953 1482 μέν
972 1399 1083 1475 αὐτοῖς
1100 1405 1156 1464 λα-

155 1511 232 1569 θεῖν
256 1502 432 1587 ἐγγένοιτο,
455 1513 499 1591 τῶ
520 1501 648 1592 ἀκράτῳ
666 1503 804 1570 ποθέντι
823 1503 996 1587 σβέσαντες
1013 1501 1068 1568 καλ
1086 1506 1157 1569 δια-

156 1611 315 1685 λύσαντες
337 1611 374 1674 τὸ
397 1609 572 1692 φάρμακον
595 1605 773 1674 ἀπέλθοιεν
796 1606 962 1692 ἀσφαλῶς,
984 1610 1015 1672 εί
1034 1605 1064 1673 δ’
1087 1607 1156 1673 ἀλί-

156 1731 304 1796 σκοιντο,
325 1717 389 1798 πρὸ
412 1725 479 1778 τῶν
501 1715 656 1797 βασάνων
678 1714 742 1779 ὑπὸ
765 1723 825 1779 τοῦ
843 1715 1016 1798 φαρμάκου
1035 1713 1157 1800 ῥᾳδίως

155 1819 211 1884 καλ
233 1817 413 1894 ἀνωδύνως
436 1815 658 1885 ἀποθάνοιεν.’
701 1813 789 1884 ταῦτ’
813 1821 963 1894 εἰπόντος
990 1819 1092 1883 αὐτοῦ
1118 1821 1155 1884 τὸ

156 1933 288 2007 πρᾶγμα
323 1925 449 2007 πλοκὴν
486 1927 561 2009 έχον
592 1922 647 1989 καὶ
677 1927 870 2010 περινόησιν
901 1925 1063 2008 τοσαύτην
1095 1925 1154 2008 ούχ

155 2029 397 2111 ὑπονοοῦντος,
425 2026 496 2093 ἀλλ’
519 2031 644 2105 είδότος
666 2028 827 2113 ἐφαίνετο.
872 2028 926 2094 καὶ
948 2030 1156 2115 περιστάντες

156 2135 260 2199 αὐτὸν
282 2133 458 2217 ἀνέκριναν
482 2133 667 2219 ἀλλαχόθεν
689 2135 800 2210 ἀλλος·
842 2133 914 2210 ’Τίς
935 2131 991 2212 εἶς’
1018 2134 1072 2200 καὶ
1097 2136 1156 2212 ’τίς

157 2257 194 2304 σε
218 2235 319 2318 οἶδε;’
349 2237 404 2304 καὶ
427 2239 549 2304 ’πόθεν
572 2237 741 2304 ἐπίστασαι
763 2237 895 2316 ταῦτα;’
922 2238 976 2304 καὶ
998 2243 1035 2306 τὸ
1057 2240 1156 2326 πέρας

156 2345 369 2428 ἐλεγχόμενος
385 2345 489 2422 οὕτως
503 2346 713 2428 ὡμολόγησεν
727 2336 774 2420 εἷς
787 2340 872 2410 εἶναι
885 2356 951 2409 τῶν
966 2346 1155 2430 ἱεροσύλων.

159 2451 204 2514 OC
229 2448 258 2514 δ’
286 2448 421 2533 Ἴβυκον
449 2449 697 2526 ἀποκτείναντες
724 2450 783 2534 οὐχ
812 2450 916 2526 οὕτως
943 2448 1091 2516 ἑάλωσαν
1118 2450 1155 2516 έν
1175 2468 1208 2515 ιο

155 2555 286 2643 θεάτρῳ
314 2559 510 2640 καθημενοι;
541 2553 595 2619 καλ
622 2556 771 2640 γεράνων
793 2567 1063 2640 παραφανεισῶν,
1090 2558 1155 2640 άμα

156 2659 273 2744 γέλωτι
305 2663 386 2746 πρὸς
416 2660 578 2743 ἀλλήλους
608 2664 856 2745 ψιθυρίζοντες,
887 2661 932 2736 ῶς
963 2661 1000 2724 αί
1025 2657 1155 2744 Ἰβύκου

157 2768 280 2832 ἔκδικοι
302 2767 462 2850 πάρεισιν.
498 2764 696 2842 ἀκούσαντες
713 2767 775 2851 γδρ
794 2767 830 2830 οί
843 2768 1056 2848 καθεζόμενοι
1074 2771 1155 2849 πλη-

156 2877 247 2956 σίον,
273 2874 337 2955 ἤδη
364 2875 471 2936 πολὺν
497 2875 619 2956 χρόνον
645 2881 705 2937 τοῦ
728 2869 858 2954 Ἰβύκου
887 2873 981 2947 ὄντος
1008 2870 1157 2956 ἀφανοῦς

156 2975 211 3042 καὶ
242 2977 457 3062 ζητουμένου,
484 2976 681 3060 ἐπελάβοντο
709 2987 765 3059 τῆς
793 2985 906 3060 φωνῆς
933 2974 987 3040 καὶ
1013 2979 1156 3061 προσήγ-

157 3088 269 3164 γειλαν
292 3094 359 3159 τοῖς
382 3084 549 3168 ἀρχουσιν.
591 3069 799 3166 ’ἐλεγχθέντες
823 3077 859 3145 δὲ
883 3081 986 3157 οὕτως
1008 3081 1156 3166 ἀπήχθη-

157 3204 231 3271 σαν,
255 3188 315 3271 ούχ
335 3187 399 3252 ὑπὸ
418 3198 484 3252 τῶν
502 3187 651 3271 γεράνων
669 3184 897 3268 κολασθέντες,
912 3182 990 3256 ,ἀλλ’
1013 3185 1075 3251 ὑπὸ
1099 3196 1156 3271 τῆς

156 3292 265 3357 αὑτῶν
293 3296 532 3375 γλωσσαλγίας,
560 3293 666 3376 ὥσπερ
691 3289 840 3374 Ἐρινύος
866 3289 887 3374 ἢ
916 3294 1057 3374 Ποινῆς,
1084 3294 1156 3374 βια-

157 3396 292 3474 σθέντες
315 3396 524 3482 ἐξαγορεῦσαι
546 3399 604 3462 τὸν
627 3399 741 3481 φόνον.

207 3615 357 3664 Florilegium
373 3615 484 3656 Graecum
497 3615 562 3656 VIII.
980 3612 997 3660 4
