2722 4028
488 190 586 240 XVIII.
605 189 861 240 IIAOT'I'APXOZ.
1131 186 1173 248 59

173 345 293 411 ἕκαστα
316 343 367 410 άεί
389 349 467 430 περί
486 370 521 412 τε
544 348 583 411 τά
606 346 770 430 γυμνάσια
792 345 846 412 καί
869 346 1001 422 παιδιάς
1018 343 1072 412 καί
1092 347 1175 410 διαί-

173 475 231 527 τας
252 452 565 534 καταμανθάνουσιν
588 451 628 516 ού
646 449 826 534 παρέργως,
849 451 986 536 φοβεροί
1005 448 1065 535 μὶν
1084 453 1176 528 ὄντες

174 567 243 632 τοῖς
270 555 531 641 ἁμαρτάνουσιν,
559 553 703 620 αἰδεστοὶ
731 553 768 620 δὲ
790 567 858 632 τοῖς
880 555 1020 638 ἀγαθοῖς
1041 553 1094 620 καί
1116 577 1175 620 πο-

174 665 299 726 θεινοί·
323 661 545 745 θεραπεύουσι
568 661 631 743 γὰρ
654 658 705 724 άεί
727 658 781 725 καί
805 663 983 726 διώκουσιν
1006 659 1125 736 αύτούς
1142 660 1178 725 οἰ

174 765 244 830 νέοι
266 767 304 830 τὸ
327 769 465 850 κόσμιον
487 763 541 830 καί
563 767 600 831 τὸ
623 775 778 847 γενναῖον
797 765 954 844 αὔξοντας
971 763 1024 830 καί
1044 782 1175 830 συνεπι-

174 881 380 955 γαυροῦντας
401 872 481 935 άνευ
504 873 647 955 φθόνου.

200 1132 322 1198 XVIII.
349 1134 473 1198 Iniuste
495 1155 554 1218 pro
578 1134 737 1199 maiorum
760 1133 886 1199 delictis
909 1155 1028 1217 poenas
1052 1133 1147 1218 exigi.

334 1253 485 1322 (Plutarch.
504 1253 539 1307 (1ο
558 1269 619 1307 sera
636 1253 759 1307 numinis
776 1252 902 1307 vindicta
921 1269 943 1307 ο.
964 1257 1015 1319 12.)

232 1393 272 1459 ”A
291 1395 473 1478 Εὐριπίδης
496 1369 627 1478 ἐγκαλεῖ
646 1395 701 1460 καί
723 1395 973 1480 παρρησιάζεται
995 1397 1076 1476 πρὸς
1098 1397 1174 1470 τοὺς
1196 1412 1206 1457 1

173 1502 276 1576 θεοὺς
302 1501 342 1565 τά
368 1511 434 1565 τῶν
461 1505 624 1566 τεκόντων
652 1501 824 1585 σφάλματα
852 1502 898 1576 εἰς
919 1501 996 1574 τοὺς
1018 1497 1175 1581 ἐγγόνους

173 1603 362 1688 τρέποντας,
385 1607 553 1670 αἰτιᾶσθαι
571 1609 680 1689 νόμιζε
698 1604 848 1680 καὶτοὺς
866 1613 1056 1678 σιωπῶντας
1072 1601 1174 1686 ἡμῶν.

174 1715 238 1772 εἰτε
260 1711 324 1794 γάρ
347 1711 383 1774 οἰ
404 1711 582 1796 δράσαντες
605 1709 698 1776 αὐτοὶ
722 1712 818 1792 δίκην
841 1711 977 1789 ἔδοσαν,
1006 1703 1105 1773 ούδέν
1128 1711 1175 1772 ἔτι

175 1815 229 1879 δεῖ
253 1814 402 1892 κολάζειν
424 1817 502 1891 τοὺς
524 1817 567 1900 μὴ
591 1815 824 1898 ἀδικήσαντας,
851 1814 934 1878 ὅπου
958 1811 1010 1889 δίς
1032 1811 1084 1877 ἐπὶ
1107 1824 1176 1888 τοῖς

173 1919 286 1996 αὐτοῖς
318 1914 397 1984 οὐδὲ
428 1922 505 1995 τοὺς
537 1920 720 2003 δράσαντας
752 1921 896 1984 δίκαιον·
933 1924 996 1982 εἰτε
1027 1917 1175 2004 ῥαθυμίᾳ

175 2022 432 2108 καταπροέμενοι
450 2025 510 2107 τὴν
528 2029 688 2109 τιμωρίαν
707 2023 743 2089 ἐν
760 2037 829 2100 τοῖς
844 2034 1000 2107 πονηροῖς
1014 2019 1074 2100 ὀψὲ
1088 2023 1175 2106 παρά

173 2139 241 2192 τῶν
275 2127 431 2193 άναιτίων
462 2129 727 2212 εἰσπράττουσιν,
759 2130 820 2195 οὐκ
850 2123 887 2193 εύ
916 2135 961 2216 τῷ
991 2125 1111 2203 άδίκως
1136 2129 1174 2192 τὸ

174 2232 321 2318 βραδέως
343 2233 642 2317 ἀναλαμβάνουσιν.
679 2226 751 2299 οἷον
770 2233 916 2298 ἐνταῦθα
935 2234 1105 2315 δήπουθεν
1124 2230 1174 2296 λέ-
1193 2249 1209 2295 κ

175 2361 265 2419 γεται
293 2338 405 2404 ἐλθεῖν
428 2345 585 2403 Αἴσωπον
609 2341 724 2422 ἔχοντα
746 2339 833 2422 παρά
856 2341 1003 2420 Κροίσου
1026 2340 1174 2421 χρυσίον,

175 2442 262 2518 ὅπως
288 2464 334 2514 τε
348 2443 491 2524 θύσηται
518 2452 563 2529 τῷ
587 2449 655 2528 θεῷ
680 2446 932 2524 μεγαλοπρεπῶς
954 2439 1008 2505 καί
1031 2446 1175 2526 Δελφῶν

176 2544 298 2634 ἑκάστω
328 2548 478 2632 διανείμῃ
501 2555 584 2629 μνᾶς
607 2545 772 2628 τέσσαρας.
818 2546 918 2629 ὀργῆς
941 2545 980 2610 δέ
1000 2569 1104 2628 τινος,
1132 2547 1175 2621 ὡς

175 2653 271 2734 ἔοικε,
293 2649 348 2716 καὶ
372 2653 532 2735 διαφοράς
555 2652 642 2738 αύτῷ
666 2649 843 2735 γενομένης
861 2652 942 2732 πρὸς
960 2654 1037 2727 τούς
1055 2651 1175 2716 αὐτόθι

175 2756 236 2838 τὴν
259 2753 320 2839 μὲν
342 2760 466 2821 θυσίαν
490 2756 674 2840 ἐποιήσατο,
699 2757 738 2820 τά
762 2752 798 2820 δὲ
821 2759 967 2840 χρήματα
989 2753 1175 2839 ἀνέπεμψεν

176 2863 222 2936 εἰς
249 2861 407 2944 Σάρδεις,
437 2862 480 2938 ῶς
510 2862 572 2926 ούκ
601 2861 701 2939 άξίων
730 2863 836 2926 όντων
867 2861 1080 2945 ὠφεληθῆναι
1108 2872 1174 2926 τῶν

176 2965 377 3050 ἀνθρώπων·
405 2967 440 3032 οί
461 2963 497 3032 δὲ
520 2966 698 3042 συνθέντες
720 2968 828 3030 αἰτίαν
852 2962 899 3029 ἐπ’
923 2965 1025 3030 αὐτὸν
1048 2967 1175 3047 ίεροσυ-

176 3075 247 3147 λίας
274 3069 467 3137 ἀπέκτειναν
495 3073 636 3147 ῶσαντες
662 3070 726 3136 ἀπὸ
748 3080 805 3153 τῆς
826 3068 943 3154 πέτρας
965 3069 1106 3154 ἐκείνης,
1132 3070 1175 3153 ἣν

184 3177 348 3259 λάμπειαν
370 3182 537 3242 καλοῦσιν.
574 3175 609 3240 ἐκ
632 3171 669 3239 δέ
691 3177 809 3240 τούτου
833 3172 959 3258 λέγεται
982 3187 1116 3258 μηνῖσαι
1137 3178 1174 3241 τὸ
1194 3193 1209 3240 3

175 3286 272 3345 θεῖον
305 3281 416 3356 αὐτοῖς
449 3281 592 3364 άφορίαν
622 3303 656 3345 τε
688 3289 747 3363 γῆς
779 3279 952 3362 ἐπαγαγεῖν
983 3278 1038 3344 καί
1064 3283 1175 3345 νόσων

177 3385 307 3450 άτόπων
336 3383 428 3449 ἰδέαν
451 3395 574 3468 πᾶσαν,
602 3385 684 3450 ὥστε
707 3388 894 3469 περιιόντας
916 3383 952 3448 ἐν
975 3396 1045 3460 ταῖς
1061 3382 1175 3468 Ἑλλη-
1202 3371 1204 3375 ’

95 3501 98 3521 ¹
174 3503 281 3568 νικαῖς
308 3491 510 3576 πανηγύρεσι
533 3492 709 3574 κηρύσσειν
732 3490 785 3555 καὶ
809 3495 921 3555 καλεῖν
944 3487 993 3554 άεί
1016 3491 1075 3554 τὸν
1097 3493 1176 3574 βου-
