2722 4028
531 201 567 253 11.
587 197 768 257 Ξωιοειια.
1125 201 1147 272 5

147 356 259 443 γύπτςο
287 354 429 421 καὶτῶν
452 354 488 422 ἐν
511 361 648 445 Σικελία
670 360 835 424 δύνασθαι
857 363 1059 446 φροντίζειν,
1087 361 1147 443 τήν

149 457 186 525 δὲ
213 471 272 527 τοῦ
298 468 383 528 θεοῦ
409 465 572 548 φρόνησιν
599 465 643 547 μή
671 464 787 547 ἱκανήν
814 459 898 529 εἶναι
925 465 991 548 ἅμα
1013 464 1145 530 πάντων

149 565 382 650 ἐπιμελεῖσθαι.
414 567 455 651 ήν
473 566 596 651 μέντοι,
615 569 723 654 ὥσπερ
740 568 938 655 ἀνθρώπους
950 570 1145 656 θεραπεύων
1164 585 1180 634 ‘1

148 673 341 754 γιγνώσκεις
364 674 440 750 τοὺς
462 672 733 760 ἀντιθεραπεύειν
757 673 932 752 ἐθέλοντας
948 673 1003 740 καί
1021 677 1113 760 χαριζ
1131 715 1146 724 -

149 799 247 860 μενος
286 781 363 854 τοὺς
402 777 708 864 ἀντιχαριζομένους
747 777 800 845 καί
841 783 1146 864 συμβουλευόμενος

148 883 410 965 καταμανθάνεις
439 886 515 960 τοὺς
541 887 739 968 φρονίμους,
770 884 856 951 ούτω
883 883 936 950 καὶ
963 895 1029 950 τών
1055 891 1146 950 θεῶν

148 997 266 1070 πεῖραν
297 988 464 1075 λαμβάνης
494 990 708 1075 θεραπεύων,
743 995 778 1054 εί
803 994 838 1054 τί
866 1006 918 1056 σοι
950 990 1146 1073 ἐθελήσωσι

148 1089 223 1178 περί
245 1102 310 1156 τών
334 1090 465 1176 ἀδήλων
487 1092 677 1179 ἀνθρώποις
699 1095 950 1179 συμβουλεύειν,
971 1096 1091 1178 γνώσει
1108 1097 1145 1160 τὸ

148 1203 245 1262 θείου
263 1197 313 1262 ότι
331 1208 490 1264 τοσοῦτον
508 1197 562 1264 καὶ
580 1202 731 1266 τοιοῦτόν
745 1198 846 1283 ἐστιν,
864 1198 947 1266 ὥσθ’
961 1201 1027 1284 ἅμα
1040 1200 1146 1264 πάντα

149 1302 231 1386 ὁρᾶν
259 1299 314 1366 καί
343 1303 448 1369 πάντα
477 1303 611 1370 ἀκούειν
639 1303 694 1370 καὶ
721 1315 888 1391 πανταχοῦ
913 1316 1065 1391 παρεῖναι
1091 1303 1146 1369 καὶ

149 1407 215 1490 ἅμα
236 1407 369 1472 πάντων
392 1406 634 1492 ἐπιμελείσθαι.’
671 1409 744 1493 ἐμοί
763 1407 824 1495 μὲν
842 1404 904 1475 οὖν
922 1419 1023 1475 ταῦτα
1041 1408 1181 1493 λέγωυε

149 1513 227 1588 τοὺς
249 1514 411 1588 συνόντας
433 1513 540 1578 ἐδόκει
562 1525 669 1579 ποιεῖν
688 1514 729 1580 ού
746 1517 862 1598 μόνον,
884 1514 980 1581 ὁπότε
997 1514 1062 1578 ὑπὸ
1080 1524 1146 1578 τών

149 1614 338 1700 ἀνθρώπων
356 1616 494 1705 ὁρῷντο,
513 1617 691 1704 ἀπέχεσθαι
708 1631 774 1686 τῶν
792 1618 935 1686 ἀνοσίων
953 1641 986 1684 τε
1004 1616 1059 1684 καί
1077 1618 1147 1684 ἀδί-

114 1755 116 1760 ·
148 1745 217 1786 κων
230 1719 286 1786 καὶ
300 1723 455 1807 αἰσχρῶν,
471 1722 621 1789 ἀλλὰκαὶ
635 1724 731 1791 ὁπότε
745 1724 782 1790 ἐν
796 1725 913 1812 ἐρημία
926 1719 1004 1807 εἶεν,
1018 1721 1146 1809 ἐπείπερ

148 1825 326 1908 ἡγήσαιντο
337 1823 440 1911 μηδὲν
450 1829 491 1892 ἀν
500 1850 589 1913 ποτε,
603 1823 650 1894 ὧν
659 1830 843 1915 πράττοιεν,
855 1821 956 1906 θεοὺς
965 1830 1147 1894 διαλαθεῖν.

167 2025 210 2091 ΙΙ.
238 2027 366 2093 Prodici
390 2028 553 2114 sophistae
576 2029 614 2094 de
635 2029 775 2096 Hercule
798 2032 993 2116 pubescente
1014 2029 1134 2094 fabula.

265 2138 400 2210 (Xenoph.
414 2156 526 2196 memor.
540 2141 566 2194 H
582 2147 605 2209 1,
619 2146 732 2197 20-33.
751 2141 799 2197 cfr.
814 2141 881 2197 fasc.
895 2141 921 2194 11
938 2158 966 2211 p.
980 2142 1034 2212 41.)

215 2247 263 2311 Αί
286 2245 347 2331 μὲν
369 2247 577 2336 ῥᾳδιουργίαι
599 2247 654 2314 καὶ
676 2249 712 2314 ἐκ
733 2259 793 2315 τοῦ
814 2257 1008 2335 παραχρήμα
1030 2246 1148 2332 ήδοναὶ
1167 2265 1181 2315 1

148 2351 233 2416 ούτε.
256 2353 380 2436 σώματι
411 2352 539 2431 εὐεξίαν
572 2355 684 2418 ίκαναί
711 2356 796 2419 είσιν
828 2353 1072 2438 ἐνεργάζεσθαι,
1104 2353 1147 2430 ὥς

99 2533 101 2540 Ι
148 2473 251 2540 φασιν
278 2460 313 2523 οί
337 2459 534 2542 γυμνασταί,
561 2459 636 2524 οὔτε
662 2467 750 2544 ψυχή
773 2457 953 2544 ἐπιστήμην
975 2458 1147 2542 ἀξιόλογον

148 2562 306 2646 οὐδεμίαν
334 2561 543 2647 ἐμποιοῦσιν,
570 2564 607 2627 αί
631 2559 669 2628 δὲ
695 2565 751 2629 διὰ
777 2568 947 2651 καρτερίας
970 2563 1147 2648 ἐπιμέλειαι

148 2676 215 2732 τῶν
241 2672 350 2733 καλών
376 2692 410 2734 τε
436 2668 594 2752 κάγαθῶν
622 2671 728 2755 ἔργων
756 2668 956 2746 ἐξικνεῖσθαι
982 2679 1147 2752 ποιοῦσιν,

148 2771 193 2848 ώς
210 2789 312 2856 φασιν
331 2775 366 2839 οί
381 2772 503 2857 ἀγαθοί
520 2774 647 2860 ἄνδρες.
677 2772 764 2856 λέγει
782 2772 822 2839 δέ
836 2794 901 2840 που
915 2771 969 2838 καί
978 2771 1146 2850 Ἡσίοδος·

192 2877 277 2962 “Τήν
299 2874 359 2962 μὲν
382 2880 444 2965 γάρ
467 2882 626 2961 κακότητα
648 2876 702 2944 καί
725 2881 841 2945 ἰλαδὸν
863 2882 952 2944 ἐστιν
975 2875 1107 2944 ἐλέσθαι

192 2983 339 3068 ῥηιδίως·
363 2987 433 3067 λείη
456 2981 516 3068 μὲν
539 2984 631 3067 ὁδός,
654 2983 740 3067 μάλα
763 2980 793 3049 δ’
817 2983 936 3067 ἐγγύθι
958 2986 1052 3048 ναίει.

190 3098 247 3172 τής
270 3085 301 3153 δ’
323 3087 438 3174 ἀρετής
462 3089 583 3172 ίδρώτα
604 3085 680 3154 θεοί
702 3087 929 3174 προπάροιθεν
951 3091 1076 3172 ἔθηκαν

191 3191 365 3260 ἀθάνατοι·
388 3196 511 3280 μακρὸς
533 3191 570 3260 δέ
592 3192 647 3259 καὶ
669 3195 784 3280 όρθιος
806 3189 899 3279 οἶμος
922 3193 954 3272 ἐς
976 3193 1080 3277 αὐτήν

192 3296 247 3362 καὶ
269 3301 389 3384 τρηχύς
410 3301 447 3364 τὸ
470 3309 613 3386 πρώτον·
637 3299 719 3383 ἐπήν
742 3296 771 3363 δ’
794 3301 841 3376 είς
863 3300 965 3384 ἀκρον
988 3300 1092 3383 ἵκηαι,

191 3401 301 3487 ῥηιδίη
325 3406 366 3488 δή
390 3406 500 3470 ἔπειτα
521 3402 627 3487 πέλει,
649 3406 771 3490 χαλεπή
794 3425 854 3489 περ
878 3402 996 3470 ἐοῦσα.’

144 3519 305 3595 μαρτυρεῖ
325 3506 362 3574 δὲ
384 3507 439 3574 καί
457 3507 652 3595 Ἐπίχαρμος
674 3508 711 3574 ἐν
734 3510 833 3598 τῷδε·
