2722 4028
510 233 556 284 1v.
574 213 831 285 Πεοτνεεεοε.
1127 231 1167 295 13

165 373 341 472 φυλάττων
367 387 422 454 καὶ
449 388 609 474 μηδέποτε
636 391 697 474 την
723 392 833 475 ψυχὴν
861 389 924 455 ἐῶν
952 392 1073 476 ἔρημον
1095 391 1169 476 ἡγε-

167 499 291 579 μονίας.
324 495 342 562 ὑ
361 492 421 580 μέν
439 498 501 581 γάρ
521 501 662 583 Περσῶν
680 499 835 580 βασιλεὺς
853 495 912 562 ἕνα
929 507 995 562 τῶν
1014 521 1169 563 κατευνα-

168 611 253 665 στῶν
272 594 337 684 εἶχε
355 602 437 686 πρὸς
454 609 551 665 τοῦτο
569 598 778 683 τεταγμένον,
799 601 880 666 ὥστε
900 600 1007 666 ἕωθεν
1024 604 1168 667 εἰσιόντα

167 703 275 788 λέγειν
293 706 374 791 πρὸς
392 704 506 770 αὐτόν·
542 700 706 788 ρἈνάστα,
730 701 755 770 ὦ
774 710 922 790 βασιλεῦ,
944 704 998 771 καὶ
1017 709 1168 793 φρόντιζε

165 809 375 895 πραγμάτων,
395 803 442 874 ὧν
461 825 498 874 σε
516 813 702 894 φροντίζειν
720 808 738 874 ὁ
757 807 857 892 μέγας
872 807 1074 895 Ὠρομάσδης
1090 808 1169 892 ἠθέ-

167 915 276 999 λησε’
308 924 368 980 τοῦ
396 913 433 980 δέ
459 914 718 997 πεπαιδευμένου
745 912 800 980 καὶ
828 923 1083 1001 σωφρονοῦντος
1112 916 1169 1001 ἀρ-

167 1043 283 1104 χοντος
305 1019 396 1097 ἐντός
418 1019 508 1086 ε’στιν
526 1021 544 1086 ὁ
562 1030 659 1086 τοῦτο
681 1022 909 1105 φθεγγόμενος
927 1017 977 1084 ἀεὶ
994 1017 1049 1084 καί
1066 1041 1169 1104 παρα-

166 1128 406 1209 κελευσάμενος.
451 1125 613 1208 Πολέμων
639 1127 701 1212 γάρ
729 1122 820 1208 ἔλεγε
849 1127 909 1190 τὸν
925 1122 1055 1211 Ἔρωτα
1083 1119 1202 1190 είναικ

165 1235 256 1293 θεῶν
283 1229 460 1312 ὑπηρεσίαν
482 1231 529 1305 είς
550 1228 636 1294 νέων
660 1227 858 1313 ἐπιμέλειαν·
888 1229 1110 1317 ἀληθέστερον
1133 1230 1163 1298 δ’

167 1334 209 1396 ἀν
236 1355 284 1410 τις
310 1339 396 1398 είποι
423 1336 500 1410 τοὺς
526 1335 686 1420 ἀρχοντας
711 1334 885 1420 ὑπηρετεῖν
912 1341 981 1423 θεῷ
1007 1339 1089 1422 πρὸς
1111 1335 1168 1402 άν-

166 1439 312 1523 θράπων
340 1437 524 1522 ἐπιμέλειαν
551 1437 606 1504 καὶ
629 1443 809 1523 σωτηρίαν,
839 1440 926 1516 ὅπως
949 1435 995 1505 ὧν
1017 1444 1096 1518 θεὸς
1118 1444 1168 1507 δί-

167 1543 270 1608 δωσιν
298 1543 488 1628 ἀνθρώποις
514 1548 624 1608 καλῶν
651 1541 705 1608 καὶ
731 1543 867 1626 ἀγαθῶν
889 1545 929 1609 τά
951 1541 1012 1628 μέν
1034 1543 1167 1630 νέμωσι,

166 1649 205 1711 τά
228 1644 265 1712 δέ
287 1649 505 1732 φυλάττωσιν.
1157 1643 1160 1648 ’

255 1750 365 1839 ’Ὁρᾷς
387 1755 445 1818 τὸν
468 1754 557 1831 ὑψοῦ
579 1749 669 1819 τόνδ’
692 1754 828 1837 άπειρον
851 1754 970 1840 αίθέρα

255 1855 309 1922 καὶ
331 1867 394 1940 γῆν
416 1856 507 1942 πέριξ
531 1854 643 1942 ἔχονθ’
664 1859 780 1943 ὑγραῖς
802 1859 839 1924 ἐν
861 1859 1042 1943 ἀγκάλαις;’

167 1963 185 2028 ὁ
209 1950 448 2046 μὲνκαθίησιν
471 1963 571 2048 ἀρχάς
594 1964 786 2048 σπερμάτων
804 1969 1049 2050 προσηκόντων,
1072 1977 1113 2051 γη
1133 1965 1163 2032 δ’

166 2066 385 2132 ἀναδίδωσιν·
409 2067 538 2146 αὔξεται
558 2065 594 2132 δὲ
613 2069 651 2133 τά
670 2065 730 2152 μέν
749 2071 895 2154 ὄμβροις,
917 2072 957 2135 τά
976 2069 1006 2136 δ’
1024 2069 1167 2158 ἀνέμοις,

166 2173 205 2237 τά
235 2169 269 2237 δ’
298 2174 430 2258 ἀστροις
459 2173 705 2258 ἐπιθαλπόμενα
733 2173 788 2239 καὶ
817 2174 950 2262 σελήνη·
987 2189 1101 2260 κοσμεῖ
1130 2174 1167 2244 δέ

165 2279 411 2360 ὑλιοςάπαντα
438 2277 492 2342 καί
521 2288 600 2343 πᾶσι
623 2289 720 2344 τοῦτο
745 2281 785 2363 δὴ
809 2283 845 2345 τὸ
868 2279 944 2366 παρ’
969 2281 1071 2346 αὐτοῦ
1093 2286 1167 2366 φίλ-

166 2406 245 2468 τρον
268 2383 512 2466 ἐγκεράννυσιν.
558 2382 640 2448 ἀλλά
663 2393 728 2448 τῶν
752 2386 919 2450 τοσούτων
941 2384 995 2450 καί
1017 2389 1167 2469 τηλικοό-
1185 2404 1201 2452 3

166 2511 244 2570 των,
267 2487 287 2552 ὑ
310 2485 384 2552 θεοὶ
408 2491 603 2572 χαρίζονται,
626 2490 743 2573 δώρων
765 2486 820 2553 καὶ
843 2488 980 2571 ἀγαθῶν
999 2491 1060 2556 οὑκ
1078 2494 1167 2557 ἔστιν

165 2591 345 2668 ἀπόλαυσις
368 2588 447 2658 οὐδέ
470 2602 583 2678 χρῆσις
605 2593 691 2676 ὀρθὴ
716 2595 790 2678 δίχα
808 2597 913 2678 νόμον
931 2593 985 2660 καί
1004 2597 1096 2680 δίκης
1113 2596 1167 2662 καί

166 2697 330 2780 ἄρχοντος.
375 2698 449 2780 δίκη
473 2694 533 2782 μέν
557 2693 618 2764 οὖν
641 2702 746 2782 νόμου
769 2697 860 2776 τέλος
883 2698 985 2764 ἐστίν·
1008 2705 1108 2785 νόμος
1131 2699 1168 2767 δὲ

165 2802 325 2886 ἀρηοντος
358 2803 471 2886 ἔργον·
517 2804 626 2888 ἀρχων
659 2799 696 2868 δέ
727 2804 825 2868 είκὼν
856 2810 940 2869 θεοῦ
972 2815 1031 2870 τοῦ
1062 2806 1167 2872 πάντα

164 2914 381 2989 κοσμοῦντος·
428 2906 468 2971 οὑ
502 2910 639 2973 Φειδίου
662 2910 828 2993 ’δεόμενος
857 2909 1055 2987 πλάττοντος
1088 2909 1167 2976 οὐδὲ

166 3015 392 3077 Πολυκλείτου
410 3009 464 3076 καὶ
480 3013 657 3096 Μύρωνος,
676 3011 746 3078 ἀλλ’
766 3013 863 3090 αὐτὸς
881 3013 982 3080 αὑτὸν
996 3018 1042 3092 είς
1056 3016 1167 3100 ὁμοιό-

165 3140 244 3200 τητα
271 3123 340 3204 θεῷ
370 3114 414 3181 δι’
441 3115 556 3201 ἀρετῆς
577 3103 736 3194 καθιστάς
757 3115 812 3183 καὶ
835 3120 1046 3203 δημιουργῶν
1069 3120 1167 3204 ἀγαλ-

165 3222 276 3304 μάτων
299 3225 335 3287 τὸ
358 3223 495 3305 ἥδιστον
518 3221 665 3306 ὀφθῆναι
687 3221 742 3287 καὶ
765 3223 1056 3306 θεοπρεπέστατον.
1094 3219 1201 3292 οἷον4

165 3322 202 3389 δὲ
231 3327 327 3409 ἥλιον
356 3325 393 3391 έν
422 3327 552 3414 οὐρανῷ
582 3324 772 3410 περικαλλές
799 3331 939 3395 είδωλον
967 3328 1085 3396 ἑαυτοῦ
1112 3330 1167 3396 καί

165 3433 306 3514 σελήνην
334 3432 351 3497 ὁ
374 3435 453 3508 θεὸς
476 3431 642 3518 ἐνίδρυσε,
669 3444 820 3500 τοιοῦτον
843 3433 879 3500 ἐν
901 3438 1016 3500 πόλεσι
1039 3439 1166 3521 μίμημα

163 3533 218 3601 καὶ
241 3532 363 3620 φέγγος
385 3538 508 3623 ἄρχων,
