2722 4028
488 192 534 243 lv,
552 190 811 242 ΠΛΟΤΤΑΡΧΟΣ.
1104 187 1146 251 15

144 358 241 414 τοῦτο
273 349 336 434 γὰρ
369 351 475 413 αἴτιόν
505 349 594 414 ἐστιν
624 349 769 433 ἐκείνου,
799 351 854 414 καλ
884 344 980 424 οὗτός
1009 347 1099 414 ἐστιν
1129 349 1147 414 ὁ

145 457 248 539 φόβος
278 462 338 518 τοῦ
370 454 541 538 όίρχοντος1
556 454 792 539 φιλάνθρωπος
820 451 875 518 καλ
905 453 966 518 οὐκ
996 451 1147 537 ἀγεννής,

98 560 105 570 “
145 555 227 644 ὑπὲρ
250 568 317 624 τῶν
340 555 531 642 ἀρχομένων
555 555 714 640 δεδιέναι,
742 559 786 642 μή
809 557 938 622 λάθωσι
959 555 1146 642 βλαβέντες,

234 663 301 741 Ὣς
324 659 361 728 δὲ
382 663 480 740 κύνες
501 661 575 746 περὶ
598 667 684 747 μῆλα
708 665 957 747 δυσωρήσονται
980 662 1017 729 ἐν
1040 663 1123 748 αὐλή

232 771 338 853 θηρὸς
360 767 558 844 ἀκούσαντες
579 768 868 853 κρατερόφρονος’,

148 876 207 960 οὐχ
230 871 313 958 ὑπὲρ
337 873 457 956 αὐτῶν,
480 871 550 938 ἀλλ’
574 869 656 960 ὑπὲρ
678 885 744 938 τῶν
766 871 1028 957 φυλαττομένων.
1069 873 1087 939 ὁ
1111 871 1141 938 δ’
1166 887 1180 936 7

143 979 406 1064 Ἐπαμεινώνδας
434 980 481 1054 είς
510 975 626 1064 ἑορτήν
655 1002 729 1043 τινα
757 977 811 1044 καὶ
840 981 942 1044 πότον
969 975 1148 1060 ἀνειμένως

146 1096 213 1150 τῶν
232 1087 386 1168 Θηβαίων
409 1081 556 1168 ῥυέντων
580 1087 680 1168 μόνος
703 1083 848 1168 ἐφώδευε
871 1085 911 1148 τά
934 1083 1019 1148 ὅπλα
1036 1081 1147 1147 καὶτὰ

147 1193 234 1275 τείχη
257 1193 377 1274 νήφειν
399 1187 505 1272 λέγων
527 1187 581 1254 καὶ
605 1189 797 1274 ἀγρυπνεῖν,
820 1189 907 1265 ὅπως
929 1187 982 1274 ἐξή
1005 1200 1074 1266 τοῖς
1091 1190 1147 1253 άλ-

147 1302 217 1372 λοις
239 1297 378 1379 μεθύειν
396 1293 451 1360 καὶ
468 1296 656 1360 καθεύδειν.
688 1293 743 1360 καὶ
758 1295 877 1360 Κάτων
896 1293 932 1360 ἐν
946 1291 1052 1380 Ἰτύκη
1070 1296 1148 1370 τοὺς

147 1403 268 1477 ἀλλους
292 1401 436 1477 ἅπαντας
463 1399 526 1466 ἀπὸ
552 1409 609 1484 τῆς
635 1400 732 1484 ήττης
760 1399 911 1484 ἐκήρυττε
933 1397 1071 1483 πέμπειν
1094 1397 1147 1464 ἐπὶ

146 1507 326 1572 θάλατταν·
367 1504 421 1570 καὶ
452 1505 644 1590 ἐμβιβάσας,
673 1507 831 1572 εὔπλοιαν
861 1505 1036 1590 εὐξάμενος
1064 1501 1147 1590 ὑπὲρ

148 1613 268 1695 αὐτῶν,
286 1613 333 1687 εἰς
351 1607 444 1676 οἶκον
464 1610 656 1676 ἐπανελθὼν
675 1609 793 1676 ἑαυτὸν
811 1610 985 1696 ἀπέσφαξε,
1004 1608 1148 1693 διδάξας,

147 1715 228 1801 ὑπὲρ
261 1719 361 1780 τίνων
394 1717 447 1780 δεῖ
475 1717 534 1781 τὸν
561 1717 703 1801 ἀρχοντα
729 1723 773 1803 τῷ
802 1719 896 1804 φόβφ
924 1723 1067 1801 χρῆσθαι
1093 1713 1148 1780 καὶ

147 1825 247 1887 τίνων
271 1823 323 1885 δεῖ
343 1823 402 1886 τὸν
424 1823 566 1906 άρχοντα
588 1832 817 1905 καταφρονεῖν.
862 1819 1030 1906 Κλέαρχος
1053 1818 1105 1903 δέ,
1128 1821 1145 1886 ὁ
1165 1835 1181 1883 8

148 1928 311 2001 Ποντικὸς
341 1927 517 2010 τύραννος,
548 1929 595 2003 είς
625 1929 766 2010 κιβωτὸν
794 1925 1007 2010 ἐνδυόμενος,
1038 1909 1146 2008 ώσπερ

149 2034 236 2116 όφις,
254 2030 421 2096 ἐκάθευδε.
446 2031 502 2097 καὶ
516 2029 723 2115 ’Λρίστιππος
741 2029 914 2117 δἈρχεῖος
932 2034 978 2108 είς
995 2031 1147 2118 ὑπερῷον

149 2144 267 2220 οἴκημα
296 2137 407 2221 θύραν
434 2132 521 2220 εἶχεν
550 2136 762 2223 ἐπιρρακτήν,
788 2131 827 2220 ής
854 2135 962 2202 ἐπάνω
985 2134 1089 2212 τιθεῖς
1110 2137 1147 2201 τὸ
1182 2221 1184 2228 Ι

148 2244 312 2308 κλινίδιον
335 2239 493 2306 ἐκάθευδε
514 2242 593 2326 μετδ
611 2250 667 2325 τῆς
686 2239 826 2323 ἑταίρας·
849 2237 926 2324 ήδὲ
944 2243 1048 2325 μήτηρ
1068 2239 1147 2304 ἐκεί-

148 2372 208 2432 νης
229 2348 363 2432 ὑφεῖλκε
386 2345 535 2412 κάτωθεν
558 2347 595 2410 τὸ
618 2346 802 2430 κλιμάκιον,
825 2341 893 2410 εἶτα
911 2344 1032 2431 ήμέρας
1048 2345 1151 2410 πάλιν

148 2455 336 2538 προσετίθει
364 2453 519 2536 φέρουσα.
563 2461 632 2526 πῶς
654 2446 764 2534 οὗτος,
792 2457 919 2534 οἴεσθε,
946 2453 982 2516 τὸ
1005 2447 1148 2535 θέατρον

150 2557 316 2642 ἐπεφρίκει
329 2553 431 2621 καὶτὸ
442 2555 585 2640 ἀρχεῖον,
598 2557 635 2622 τὸ
645 2558 894 2641 βουλευτήριον,
907 2557 943 2621 τὸ
954 2557 1148 2638 συμπόσιον,

150 2664 169 2730 ὁ
191 2664 249 2727 τὸν
266 2662 419 2744 θάλαμον
438 2658 541 2748 ἐαυτῷ
561 2663 785 2746 δεσμωτήριον
802 2663 998 2744 πεποιηκώς;
1021 2668 1065 2747 τςό
1085 2661 1147 2745 γὰρ

151 2769 222 2834 όντι
241 2767 389 2830 δεδίασιν
408 2766 443 2830 οί
460 2769 635 2848 βασιλεῖς
652 2763 734 2848 ὑπέρ
753 2777 818 2830 τῶν
837 2765 1037 2851 ἀρχομένων,
1061 2766 1096 2830 οί
1112 2762 1148 2830 δὲ

150 2873 338 2957 τύραννοι
351 2873 428 2946 τοὺς
441 2869 653 2956 ἀρχομένους·
670 2872 722 2936 διὸ
735 2879 774 2956 τή
790 2871 927 2955 δυνάμει
939 2872 976 2936 τὸ
988 2871 1061 2948 δέος
1071 2887 1148 2937 συν-

150 2976 299 3056 αύξουσι·
335 2977 498 3040 πλειόνων
520 2977 583 3058 γάρ
606 2977 760 3060 άρχοντες
781 2978 935 3052 πλείονας
957 2980 1148 3060 φοβοῦνται.
1275 3033 1278 3039 .

212 3081 269 3148 Ἐν
295 3078 355 3167 μὲν
383 3082 445 3166 γάρ
472 3091 541 3156 τοῖς
563 3079 719 3146 ἀσθενέσι
740 3079 796 3146 καὶ
818 3093 886 3158 τοῖς
908 3093 1072 3156 ταπεινοῖς
1093 3079 1148 3146 καὶ
1167 3098 1182 3146 9

152 3189 295 3265 ἰδιώταις
323 3196 367 3275 τςό
398 3187 551 3275 άδυνάτφ
578 3187 781 3271 μιγνύμενον
807 3189 844 3252 τὸ
871 3187 1013 3271 ἀνόητον
1039 3189 1086 3263 είς
1112 3189 1148 3253 τὸ

151 3293 378 3379 ἀναμάρτητον
391 3299 537 3380 τελευτᾷ,
555 3293 663 3378 ὥσπερ
678 3293 824 3378 ὀνείρασι
838 3294 978 3376 φαύλοις
990 3315 1040 3368 τις
1053 3293 1149 3358 άνοια

150 3400 212 3482 τήν
229 3402 339 3484 ψυχήν
358 3399 560 3485 διαταράττει
580 3397 857 3481 συνεξαναστῆναι
874 3409 944 3474 ταῖς
962 3397 1151 3482 ἐπιθυμίαις

150 3506 195 3589 μή
219 3503 419 3588 δυναμένην·
442 3505 463 3589 ή
487 3503 517 3570 δ’
541 3503 671 3583 ἐξουσία
693 3507 928 3590 παραλαβοῦσα
949 3504 1010 3587 τήν
1032 3505 1153 3586 κακίαν
