2722 4028
219 202 263 266 48
547 204 618 255 XIV.
637 202 896 255 ΠΑΟΊῚἍΡΧΟΣ.

219 360 371 446 νομένων
392 359 468 446 περὶ
489 371 547 440 τῆς
569 364 754 427 Διονυσίου
776 362 989 446 τυραννίδος,
1012 361 1056 438 ὡς
1078 360 1223 444 ἀδαμαν-

220 470 293 550 τίνη
321 465 376 532 καὶ
403 469 563 552 ἄρρηκτός
591 466 676 549 ἐστι,
703 466 843 549 γελάσας
866 467 883 532 6
906 467 1057 551 κουρεύς·
1100 465 1223 531 εΤαῦτα
1336 479 1337 510 ¹

220 572 328 657 ὑμᾶς’,
351 575 424 656 ἔφη,
448 570 534 657 περὶ
553 575 737 638 Διονυσίου
756 569 876 655 λέγειν,
899 567 939 636 οὗ
963 570 1025 655 έγὼ
1048 567 1124 657 παρ’
1147 570 1225 655 ήμέ-

221 701 280 762 ρας
307 678 419 761 ὀλίγας
445 677 498 743 ἐπὶ
525 687 585 744 τοῦ
612 679 776 762 τραχήλου
802 679 840 742 τὸ
869 676 969 762 ξυρὸν
997 680 1059 762 ἔχω
1069 677 1089 756 ;'
1130 675 1221 744 ταῦτ’

170 800 201 848 11
222 781 364 859 ἀκούσας
391 783 408 849 6
437 783 618 860 Διονύσιος
645 782 895 866 ἀνεσταύρωσεν
922 782 1032 848 αὐτόν.
1078 781 1227 859 ἐπιεικῶς

223 883 260 952 δέ
289 889 391 955 λάλον
420 887 489 956 έστὶ
516 891 553 954 τὸ
581 900 647 954 τῶν
673 886 821 974 κουρέων
848 886 956 970 γένος·
998 891 1031 954 οί
1057 889 1119 973 γάρ
1147 882 1226 954 ἀδο-

223 995 411 1076 λεσχότατοι
438 989 637 1078 προσρέουσι
661 988 716 1055 καὶ
739 994 1034 1076 προσκαθίζουσιν,
1061 994 1143 1058 ὥστε
1166 994 1227 1058 αὐ-

222 1099 299 1173 τοὺς
326 1097 599 1181 ἀναπίμπλασθαι
625 1105 682 1179 τῆς
709 1100 894 1180 συνηθείας.
939 1095 1115 1182 χαριέντως
1141 1109 1228 1181 γοῦν

223 1203 241 1268 6
269 1205 423 1286 βασιλεὺς
445 1199 631 1288 Ἀρχέλαος,
653 1200 834 1286 ἀδολέσχου
860 1202 1005 1287 κουρέως
1031 1207 1229 1288 περιβαλόν-

223 1331 278 1384 τος
300 1308 387 1395 αάτφλ
409 1309 446 1373 τὸ
466 1307 631 1390 ὠμόλινον
649 1305 703 1372 καλ
721 1305 929 1390 πυθομένου·
954 1307 1043 1385 Ἥῶς
1062 1326 1098 1374 σε
1115 1314 1228 1393 κείρω,

172 1431 204 1479 12
217 1406 386 1497 '6606263’
410 1413 589 1496 “Σιωπῶν’,
613 1415 684 1498 ἔφη.
725 1416 864 1496 κουρεὺς
887 1409 923 1478 δέ
946 1413 1000 1479 καὶ
1023 1417 1083 1498 τήν
1106 1413 1143 1479 έν
1165 1419 1229 1478 Σι-

223 1523 315 1605 κελίᾳ
339 1530 405 1584 τῶν
425 1515 613 1602 Ἀθηναίων
635 1518 780 1602 μεγάλην
803 1523 1027 1603 κακοπραγίαν
1050 1519 1229 1602 ἀπήγγειλε

223 1635 350 1708 πρῶτος
373 1622 408 1688 έν
427 1627 581 1707 Πειραιεῖ
600 1625 791 1706 πυθόμενος
809 1621 937 1689 οἰκέτου
954 1626 1044 1701 τινὸς
1061 1636 1127 1690 τῶν
1146 1625 1229 1690 ἀπο·
1340 1709 1341 1716 χ

225 1728 433 1812 δεδρακότων
464 1721 602 1793 έκείθεν.
652 1723 710 1792 εἶτ’
743 1725 838 1812 ἀφεὶς
868 1731 906 1794 τὸ
936 1727 1150 1815 ἐργαστήριον
1181 1733 1231 1806 είς
1340 1717 1341 1720 ¹

225 1837 306 1900 ἀστυ
330 1832 494 1900 συνέτεινε
518 1837 643 1924 δρόμφ,

384 1939 455 2024 “Μή
477 1963 526 2016 τις
547 1942 647 2016 κῦδος
670 1939 793 2024 ἀροιτο’

224 2048 283 2112 τὸν
306 2048 406 2128 λόγον
429 2047 476 2122 είς
498 2047 558 2129 τήν
581 2049 678 2111 πόλιν
701 2045 868 2130 ἐμβαλόν,

517 2149 547 2215 ‘6
571 2146 608 2214 δὲ
631 2151 781 2236 δεύτερος
805 2149 920 2216 moa?

226 2254 404 2340 γενομένης
427 2250 464 2319 δὲ
485 2264 637 2340 ταραχῆς,
660 2256 705 2332 ὡς
727 2258 824 2338 είκός,
847 2258 893 2332 είς
917 2254 1091 2339 ἐκκλησίαν
1109 2254 1228 2339 ἀθροι-

226 2359 319 2437 σθεὶς
337 2362 355 2427 6
375 2363 476 2444 δήμος
495 2357 548 2424 ἐπὶ
566 2361 626 2443 τήν
645 2359 749 2445 ἀρχήν
769 2359 895 2444 έβάδιζε
914 2370 972 2445 τής
984 2364 1101 2444 φήμης.
1130 2361 1228 2443 ήγετο

225 2462 288 2532 οὖν
311 2467 329 2532 6
353 2467 492 2550 κουρεὺς
513 2463 568 2530 καὶ
592 2464 780 2550 ἀνεκρίνετο
803 2462 886 2549 μηδὲ
903 2467 1049 2549 τοῦνομα
1066 2475 1126 2530 τοῦ
1144 2467 1229 2549 φρά-

227 2589 344 2649 σαντος
370 2573 481 2652 εἰδώς,
508 2567 581 2635 ἀλλ’
608 2573 655 2646 είς
677 2567 856 2654 ἀνώνυμον
879 2569 932 2636 καί
956 2572 1126 2654 ἀγυωστον
1149 2568 1229 2636 ἀνα-

176 2697 207 2743 13
226 2676 338 2763 φέρων
366 2678 426 2761 τὴν
454 2673 559 2760 ἀρχήν
586 2679 773 2760 πρόσωπον.
825 2677 906 2761 ὀργή
936 2673 972 2742 δέ
998 2673 1052 2740 καὶ
1079 2676 1141 2759 βοή
1169 2687 1229 2740 τοῦ

225 2783 382 2867 θεάτρου·
407 2781 579 2859 (Βασάυιζε
601 2779 656 2846 καὶ
679 2780 838 2866 στρέβλου
860 2785 920 2848 τὸν
943 2776 1132 2864 ἀλάστορα·’
1162 2779 1229 2845 επέ-

226 2893 365 2952 πλασται
388 2898 489 2952 ταῦτα
510 2885 565 2950 καὶ
589 2886 820 2952 συντέθειται·’
851 2887 910 2963 ’τίς
928 2883 959 2950 δ’
977 2887 1075 2962 ἀλλος
1092 2888 1228 2969 ήκουσε;

227 2996 276 3068 τίς
299 2987 328 3056 δ’
351 2991 566 3071 ἐπίστευσευ;’
605 2992 763 3076 ἐκομίσθη
788 2995 918 3078 τροχός,
945 2991 1106 3074 κατετάθη
1129 2991 1147 3057 6
1171 2992 1230 3054 ἀν-

227 3105 369 3184 θρωπος.
415 3098 451 3163 έν
478 3099 583 3187 τούτῳ
611 3107 762 3181 παρήσαν
790 3098 826 3162 oc
845 3099 905 3180 τήν
929 3097 1102 3181 συμφοράυ
1126 3092 1230 3178 ἀπαγ-

227 3202 414 3287 γέλλοντες,
441 3203 473 3281 ἐξ
503 3204 687 3269 αὐτοῦτοῦ
711 3206 809 3286 ἔργου
833 3204 1095 3286 διαπεφευγότες.
1141 3200 1230 3266 έσκε-

228 3309 402 3392 δάσθησαν
421 3304 483 3373 οὖν
497 3309 616 3385 πάντες
630 3305 682 3372 ἐπὶ
697 3308 735 3372 τά
750 3309 853 3372 οίκεία
866 3305 986 3389 πένθη,
999 3309 1230 3382 καταλιπόντες

228 3413 265 3478 έν
287 3422 331 3500 τῷ
355 3423 459 3500 τροχῷ
483 3417 541 3480 τὸν
564 3416 684 3478 ἀθλιον
708 3411 932 3496 ἐνδεδεμένον.
972 3407 1033 3489 όήδ
1056 3408 1093 3476 δέ
1115 3410 1230 3487 λυθείς

227 3521 292 3603 ήδη
320 3520 401 3603 πρὸς
428 3517 567 3603 ἑσπέραν
594 3520 703 3603 ήρώτα
730 3519 789 3583 τὸν
820 3519 995 3602 δημόσιον,
1023 3518 1054 3581 εί
1079 3514 1230 3600 καὶπερὶ
