<?xml version="1.0" encoding="UTF-8"?>
<!DOCTYPE html PUBLIC "-//W3C//DTD XHTML 1.0 Transitional//EN"
    "http://www.w3.org/TR/xhtml1/DTD/xhtml1-transitional.dtd">
<html xmlns="http://www.w3.org/1999/xhtml" xml:lang="en" lang="en">
 <head>
  <title>
</title>
<meta http-equiv="Content-Type" content="text/html;charset=utf-8" />
  <meta name='ocr-system' content='tesseract 3.04.00' />
  <meta name='ocr-capabilities' content='ocr_page ocr_carea ocr_par ocr_line ocrx_word'/>
</head>
<body>
  <div class='ocr_page' id='page_1' title='image "./florilegiumgrae07petegoog_0015.png"; bbox 0 0 2722 4028; ppageno 0'>
   <div class='ocr_carea' id='block_1_1' title="bbox 211 211 828 280">
    <p class='ocr_par' dir='ltr' id='par_1_1' title="bbox 211 211 828 280">
     <span class='ocr_line' id='line_1_1' title="bbox 211 211 828 280; baseline 0.002 -11"><span class='ocrx_word' id='word_1_1' title='bbox 211 216 232 280; x_wconf 88' lang='lat'>8</span> <span class='ocrx_word' id='word_1_2' title='bbox 590 218 625 270; x_wconf 90' lang='lat'><strong><em>11.</em></strong></span> <span class='ocrx_word' id='word_1_3' title='bbox 644 211 828 276; x_wconf 74' lang='grc' dir='ltr'><strong>ΞΕΝΟΦΩΝ.</strong></span> 
     </span>
    </p>
   </div>
   <div class='ocr_carea' id='block_1_2' title="bbox 163 368 1233 3614">
    <p class='ocr_par' dir='ltr' id='par_1_2' title="bbox 163 368 1233 3614">
     <span class='ocr_line' id='line_1_2' title="bbox 211 368 1211 461; baseline -0.001 -21"><span class='ocrx_word' id='word_1_4' title='bbox 211 368 322 461; x_wconf 84' lang='grc' dir='ltr'><strong><em>μάτων</em></strong></span> <span class='ocrx_word' id='word_1_5' title='bbox 350 381 413 442; x_wconf 85' lang='grc' dir='ltr'><strong><em>οίει</em></strong></span> <span class='ocrx_word' id='word_1_6' title='bbox 441 376 511 440; x_wconf 83' lang='grc' dir='ltr'><strong><em>δεῖν</em></strong></span> <span class='ocrx_word' id='word_1_7' title='bbox 538 371 785 458; x_wconf 77' lang='grc' dir='ltr'><strong><em>πλουτίζεσθαι,</em></strong></span> <span class='ocrx_word' id='word_1_8' title='bbox 811 385 877 440; x_wconf 83' lang='grc' dir='ltr'><strong><em>τῶν</em></strong></span> <span class='ocrx_word' id='word_1_9' title='bbox 904 374 1118 459; x_wconf 76' lang='grc' dir='ltr'><em>βοσκημάτων</em></span> <span class='ocrx_word' id='word_1_10' title='bbox 1144 373 1211 439; x_wconf 84' lang='grc' dir='ltr'><strong><em>έπι-</em></strong></span> 
     </span>
     <span class='ocr_line' id='line_1_3' title="bbox 211 479 1212 567; baseline -0.003 -20"><span class='ocrx_word' id='word_1_11' title='bbox 211 481 379 566; x_wconf 76' lang='grc' dir='ltr'><strong><em>μελητέον,</em></strong></span> <span class='ocrx_word' id='word_1_12' title='bbox 402 486 466 546; x_wconf 77' lang='grc' dir='ltr'><strong><em>εἴτε</em></strong></span> <span class='ocrx_word' id='word_1_13' title='bbox 490 481 545 545; x_wconf 87' lang='grc' dir='ltr'><strong><em>διά</em></strong></span> <span class='ocrx_word' id='word_1_14' title='bbox 566 479 711 564; x_wconf 86' lang='grc' dir='ltr'><strong><em>πολέμου</em></strong></span> <span class='ocrx_word' id='word_1_15' title='bbox 729 481 832 567; x_wconf 81' lang='grc' dir='ltr'><strong><em>ὁρμᾷς</em></strong></span> <span class='ocrx_word' id='word_1_16' title='bbox 850 479 1008 558; x_wconf 78' lang='grc' dir='ltr'><strong><em>αὔξεσθαι</em></strong></span> <span class='ocrx_word' id='word_1_17' title='bbox 1026 482 1080 545; x_wconf 79' lang='grc' dir='ltr'><strong><em>καί</em></strong></span> <span class='ocrx_word' id='word_1_18' title='bbox 1097 481 1212 564; x_wconf 81' lang='grc' dir='ltr'><strong><em>βούλει</em></strong></span> 
     </span>
     <span class='ocr_line' id='line_1_4' title="bbox 213 579 1213 670; baseline -0.001 -19"><span class='ocrx_word' id='word_1_19' title='bbox 213 587 379 652; x_wconf 89' lang='grc' dir='ltr'><strong><em>δύνασθαι</em></strong></span> <span class='ocrx_word' id='word_1_20' title='bbox 401 587 478 662; x_wconf 90' lang='grc' dir='ltr'><strong><em>τούς</em></strong></span> <span class='ocrx_word' id='word_1_21' title='bbox 500 609 534 650; x_wconf 88' lang='grc' dir='ltr'><strong><em>τε</em></strong></span> <span class='ocrx_word' id='word_1_22' title='bbox 552 589 670 669; x_wconf 88' lang='grc' dir='ltr'><strong><em>φίλους</em></strong></span> <span class='ocrx_word' id='word_1_23' title='bbox 687 579 888 670; x_wconf 83' lang='grc' dir='ltr'><strong><em>ἐλευθεροῦν</em></strong></span> <span class='ocrx_word' id='word_1_24' title='bbox 905 583 960 650; x_wconf 84' lang='grc' dir='ltr'><strong><em>καὶ</em></strong></span> <span class='ocrx_word' id='word_1_25' title='bbox 977 588 1053 661; x_wconf 86' lang='grc' dir='ltr'><strong><em>τοὺς</em></strong></span> <span class='ocrx_word' id='word_1_26' title='bbox 1070 583 1213 670; x_wconf 88' lang='grc' dir='ltr'><strong><em>έχθροὺς</em></strong></span> 
     </span>
     <span class='ocr_line' id='line_1_5' title="bbox 211 679 1212 778; baseline -0.003 -21"><span class='ocrx_word' id='word_1_27' title='bbox 211 679 423 778; x_wconf 85' lang='grc' dir='ltr'><strong><em>χειροὺσθαι,1</em></strong></span> <span class='ocrx_word' id='word_1_28' title='bbox 446 691 504 766; x_wconf 87' lang='grc' dir='ltr'><strong><em>τάς</em></strong></span> <span class='ocrx_word' id='word_1_29' title='bbox 525 691 702 774; x_wconf 90' lang='grc' dir='ltr'><strong><em>πολεμικάς</em></strong></span> <span class='ocrx_word' id='word_1_30' title='bbox 723 689 837 776; x_wconf 81' lang='grc' dir='ltr'><strong><em>τέχνας</em></strong></span> <span class='ocrx_word' id='word_1_31' title='bbox 859 690 958 766; x_wconf 87' lang='grc' dir='ltr'><strong><em>αὐτάς</em></strong></span> <span class='ocrx_word' id='word_1_32' title='bbox 979 707 1013 754; x_wconf 84' lang='grc' dir='ltr'><strong><em>’τε</em></strong></span> <span class='ocrx_word' id='word_1_33' title='bbox 1035 691 1123 774; x_wconf 87' lang='grc' dir='ltr'><strong><em>παρά</em></strong></span> <span class='ocrx_word' id='word_1_34' title='bbox 1145 701 1212 754; x_wconf 87' lang='grc' dir='ltr'><strong><em>τῶν</em></strong></span> 
     </span>
     <span class='ocr_line' id='line_1_6' title="bbox 213 793 1212 881; baseline -0.004 -19"><span class='ocrx_word' id='word_1_35' title='bbox 213 795 437 880; x_wconf 79' lang='grc' dir='ltr'><strong><em>ἐπισταμένων</em></strong></span> <span class='ocrx_word' id='word_1_36' title='bbox 460 793 626 880; x_wconf 87' lang='grc' dir='ltr'><strong><em>μαθητέον</em></strong></span> <span class='ocrx_word' id='word_1_37' title='bbox 648 799 719 878; x_wconf 92' lang='grc' dir='ltr'><strong><em>καί,</em></strong></span> <span class='ocrx_word' id='word_1_38' title='bbox 742 797 829 872; x_wconf 85' lang='grc' dir='ltr'><strong><em>ὅπως</em></strong></span> <span class='ocrx_word' id='word_1_39' title='bbox 851 796 964 872; x_wconf 89' lang='grc' dir='ltr'><strong><em>αὑταῖς</em></strong></span> <span class='ocrx_word' id='word_1_40' title='bbox 986 797 1039 860; x_wconf 92' lang='grc' dir='ltr'><strong><em>δεῖ</em></strong></span> <span class='ocrx_word' id='word_1_41' title='bbox 1058 801 1212 881; x_wconf 88' lang='grc' dir='ltr'><strong><em>χρῆσθαι,</em></strong></span> 
     </span>
     <span class='ocr_line' id='line_1_7' title="bbox 176 895 1212 987; baseline -0.003 -21"><span class='ocrx_word' id='word_1_42' title='bbox 176 918 194 967; x_wconf 85' lang='grc'>8</span> <span class='ocrx_word' id='word_1_43' title='bbox 214 899 383 984; x_wconf 84' lang='grc' dir='ltr'><strong><em>ἀσκητέον·</em></strong></span> <span class='ocrx_word' id='word_1_44' title='bbox 415 903 447 966; x_wconf 90' lang='grc' dir='ltr'><strong><em>εί</em></strong></span> <span class='ocrx_word' id='word_1_45' title='bbox 468 897 505 966; x_wconf 76' lang='grc' dir='ltr'><strong><em>δέ</em></strong></span> <span class='ocrx_word' id='word_1_46' title='bbox 527 898 648 987; x_wconf 75' lang='grc' dir='ltr'><strong><em>καὶτῷ</em></strong></span> <span class='ocrx_word' id='word_1_47' title='bbox 673 903 795 985; x_wconf 84' lang='grc' dir='ltr'><strong><em>σώματι</em></strong></span> <span class='ocrx_word' id='word_1_48' title='bbox 818 901 931 984; x_wconf 81' lang='grc' dir='ltr'><strong><em>βούλει</em></strong></span> <span class='ocrx_word' id='word_1_49' title='bbox 954 900 1094 976; x_wconf 90' lang='grc' dir='ltr'><strong><em>δυνατὸς</em></strong></span> <span class='ocrx_word' id='word_1_50' title='bbox 1116 895 1212 983; x_wconf 73' lang='grc' dir='ltr'><strong><em>εἶναι,</em></strong></span> 
     </span>
     <span class='ocr_line' id='line_1_8' title="bbox 212 1003 1212 1092; baseline -0.003 -19"><span class='ocrx_word' id='word_1_51' title='bbox 212 1015 251 1092; x_wconf 85' lang='grc' dir='ltr'><strong><em>τῆ</em></strong></span> <span class='ocrx_word' id='word_1_52' title='bbox 274 1007 388 1091; x_wconf 76' lang='grc' dir='ltr'><strong><em>γνώμη</em></strong></span> <span class='ocrx_word' id='word_1_53' title='bbox 406 1007 580 1092; x_wconf 77' lang='grc' dir='ltr'><strong><em>ὑπηρετεῖν</em></strong></span> <span class='ocrx_word' id='word_1_54' title='bbox 599 1005 750 1071; x_wconf 81' lang='grc' dir='ltr'><strong><em>ἐθιστέον</em></strong></span> <span class='ocrx_word' id='word_1_55' title='bbox 768 1008 805 1071; x_wconf 90' lang='grc' dir='ltr'><strong><em>τὸ</em></strong></span> <span class='ocrx_word' id='word_1_56' title='bbox 824 1016 916 1092; x_wconf 83' lang='grc' dir='ltr'><strong><em>σῶμα</em></strong></span> <span class='ocrx_word' id='word_1_57' title='bbox 935 1003 989 1070; x_wconf 78' lang='grc' dir='ltr'><strong><em>καὶ</em></strong></span> <span class='ocrx_word' id='word_1_58' title='bbox 1007 1004 1212 1088; x_wconf 81' lang='grc' dir='ltr'><strong><em>γυμναστέον</em></strong></span> 
     </span>
     <span class='ocr_line' id='line_1_9' title="bbox 213 1108 1212 1196; baseline -0.003 -19"><span class='ocrx_word' id='word_1_59' title='bbox 213 1115 277 1177; x_wconf 92' lang='grc' dir='ltr'><strong><em>σὺν</em></strong></span> <span class='ocrx_word' id='word_1_60' title='bbox 308 1114 423 1188; x_wconf 83' lang='grc' dir='ltr'><strong><em>πόνοις</em></strong></span> <span class='ocrx_word' id='word_1_61' title='bbox 453 1110 508 1176; x_wconf 82' lang='grc' dir='ltr'><strong><em>καὶ</em></strong></span> <span class='ocrx_word' id='word_1_62' title='bbox 540 1111 674 1196; x_wconf 83' lang='grc' dir='ltr'><strong><em>ίδρῶτι.’</em></strong></span> <span class='ocrx_word' id='word_1_63' title='bbox 725 1108 780 1176; x_wconf 82' lang='grc' dir='ltr'><strong><em>καὶ</em></strong></span> <span class='ocrx_word' id='word_1_64' title='bbox 808 1111 829 1194; x_wconf 79' lang='grc' dir='ltr'><strong><em>η</em></strong></span> <span class='ocrx_word' id='word_1_65' title='bbox 861 1113 969 1175; x_wconf 85' lang='grc' dir='ltr'><strong><em>Κακία</em></strong></span> <span class='ocrx_word' id='word_1_66' title='bbox 999 1110 1212 1195; x_wconf 81' lang='grc' dir='ltr'><strong><em>ὑπολαβοῦσα</em></strong></span> 
     </span>
     <span class='ocr_line' id='line_1_10' title="bbox 213 1211 1213 1301; baseline -0.001 -20"><span class='ocrx_word' id='word_1_67' title='bbox 213 1212 315 1300; x_wconf 82' lang='grc' dir='ltr'><strong><em>εἶπεν,</em></strong></span> <span class='ocrx_word' id='word_1_68' title='bbox 339 1216 383 1293; x_wconf 78' lang='grc' dir='ltr'><strong><em>ὥς</em></strong></span> <span class='ocrx_word' id='word_1_69' title='bbox 404 1232 486 1301; x_wconf 83' lang='grc' dir='ltr'><strong><em>φησι</em></strong></span> <span class='ocrx_word' id='word_1_70' title='bbox 508 1218 689 1301; x_wconf 85' lang='grc' dir='ltr'><strong><em>Πρόδικος·</em></strong></span> <span class='ocrx_word' id='word_1_71' title='bbox 722 1212 893 1299; x_wconf 73' lang='grc' dir='ltr'><strong><em>Ἳὺινοεῖς,</em></strong></span> <span class='ocrx_word' id='word_1_72' title='bbox 917 1211 1146 1300; x_wconf 80' lang='grc' dir='ltr'><strong><em>ὧἯράκλεις,</em></strong></span> <span class='ocrx_word' id='word_1_73' title='bbox 1169 1216 1213 1292; x_wconf 79' lang='grc' dir='ltr'><strong><em>ὡς</em></strong></span> 
     </span>
     <span class='ocr_line' id='line_1_11' title="bbox 213 1320 1212 1408; baseline 0 -22"><span class='ocrx_word' id='word_1_74' title='bbox 213 1323 358 1408; x_wconf 80' lang='grc' dir='ltr'><strong><em>χαλεπὴν</em></strong></span> <span class='ocrx_word' id='word_1_75' title='bbox 380 1321 434 1386; x_wconf 80' lang='grc' dir='ltr'><strong><em>καὶ</em></strong></span> <span class='ocrx_word' id='word_1_76' title='bbox 457 1323 584 1408; x_wconf 89' lang='grc' dir='ltr'><strong><em>μακράν</em></strong></span> <span class='ocrx_word' id='word_1_77' title='bbox 608 1323 689 1388; x_wconf 88' lang='grc' dir='ltr'><strong><em>ὁδὸν</em></strong></span> <span class='ocrx_word' id='word_1_78' title='bbox 712 1320 764 1386; x_wconf 80' lang='grc' dir='ltr'><strong><em>ἐπὶ</em></strong></span> <span class='ocrx_word' id='word_1_79' title='bbox 787 1323 844 1398; x_wconf 89' lang='grc' dir='ltr'><strong><em>τάς</em></strong></span> <span class='ocrx_word' id='word_1_80' title='bbox 865 1321 1072 1407; x_wconf 78' lang='grc' dir='ltr'><strong><em>εὐφροσύνας</em></strong></span> <span class='ocrx_word' id='word_1_81' title='bbox 1088 1321 1108 1404; x_wconf 81' lang='grc' dir='ltr'><strong><em>ἡ</em></strong></span> <span class='ocrx_word' id='word_1_82' title='bbox 1127 1322 1212 1404; x_wconf 82' lang='grc' dir='ltr'><strong><em>χυνῆ</em></strong></span> 
     </span>
     <span class='ocr_line' id='line_1_12' title="bbox 214 1423 1213 1514; baseline -0.002 -22"><span class='ocrx_word' id='word_1_83' title='bbox 214 1445 267 1492; x_wconf 92' lang='grc' dir='ltr'><strong><em>σοι</em></strong></span> <span class='ocrx_word' id='word_1_84' title='bbox 290 1428 370 1512; x_wconf 86' lang='grc' dir='ltr'><strong><em>αὑτη</em></strong></span> <span class='ocrx_word' id='word_1_85' title='bbox 395 1430 568 1511; x_wconf 82' lang='grc' dir='ltr'><strong><em>διηχεῖται;</em></strong></span> <span class='ocrx_word' id='word_1_86' title='bbox 593 1427 655 1510; x_wconf 81' lang='grc' dir='ltr'><strong><em>ἐγὼ</em></strong></span> <span class='ocrx_word' id='word_1_87' title='bbox 679 1423 716 1492; x_wconf 76' lang='grc' dir='ltr'><strong><em>δὲ</em></strong></span> <span class='ocrx_word' id='word_1_88' title='bbox 739 1427 858 1514; x_wconf 76' lang='grc' dir='ltr'><strong><em>ῥᾳδίαν</em></strong></span> <span class='ocrx_word' id='word_1_89' title='bbox 880 1425 935 1492; x_wconf 78' lang='grc' dir='ltr'><strong><em>καὶ</em></strong></span> <span class='ocrx_word' id='word_1_90' title='bbox 957 1430 1113 1512; x_wconf 84' lang='grc' dir='ltr'><strong><em>βραχεῖαν</em></strong></span> <span class='ocrx_word' id='word_1_91' title='bbox 1132 1427 1213 1492; x_wconf 87' lang='grc' dir='ltr'><strong><em>ὁδὸν</em></strong></span> 
     </span>
     <span class='ocr_line' id='line_1_13' title="bbox 214 1527 1212 1617; baseline -0.003 -19"><span class='ocrx_word' id='word_1_92' title='bbox 214 1531 267 1598; x_wconf 82' lang='grc' dir='ltr'><strong><em>ἐπὶ</em></strong></span> <span class='ocrx_word' id='word_1_93' title='bbox 298 1534 359 1617; x_wconf 86' lang='grc' dir='ltr'><strong><em>τῆν</em></strong></span> <span class='ocrx_word' id='word_1_94' title='bbox 390 1533 604 1617; x_wconf 78' lang='grc' dir='ltr'><strong><em>εὐδαιμονίαν</em></strong></span> <span class='ocrx_word' id='word_1_95' title='bbox 636 1531 701 1611; x_wconf 84' lang='grc' dir='ltr'><strong><em>άξω</em></strong></span> <span class='ocrx_word' id='word_1_96' title='bbox 733 1531 790 1598; x_wconf 74' lang='grc' dir='ltr'><strong><em>σε’</em></strong></span> <span class='ocrx_word' id='word_1_97' title='bbox 835 1531 889 1597; x_wconf 79' lang='grc' dir='ltr'><strong><em>καὶ</em></strong></span> <span class='ocrx_word' id='word_1_98' title='bbox 920 1531 940 1615; x_wconf 84' lang='grc' dir='ltr'><em>ἡ</em></span> <span class='ocrx_word' id='word_1_99' title='bbox 967 1530 1078 1615; x_wconf 85' lang='grc' dir='ltr'><strong><em>’Λρετῆ</em></strong></span> <span class='ocrx_word' id='word_1_100' title='bbox 1107 1527 1212 1596; x_wconf 82' lang='grc' dir='ltr'><strong><em>εἶπεν·</em></strong></span> 
     </span>
     <span class='ocr_line' id='line_1_14' title="bbox 214 1624 1213 1723; baseline -0.001 -21"><span class='ocrx_word' id='word_1_101' title='bbox 214 1632 267 1702; x_wconf 69' lang='grc' dir='ltr'>Ὦ</span> <span class='ocrx_word' id='word_1_102' title='bbox 294 1624 433 1722; x_wconf 80' lang='grc' dir='ltr'><strong><em>τλῆμον,</em></strong></span> <span class='ocrx_word' id='word_1_103' title='bbox 460 1641 494 1702; x_wconf 88' lang='grc' dir='ltr'><strong><em>τί</em></strong></span> <span class='ocrx_word' id='word_1_104' title='bbox 519 1635 556 1702; x_wconf 69' lang='grc' dir='ltr'><strong><em>δὲ</em></strong></span> <span class='ocrx_word' id='word_1_105' title='bbox 580 1641 620 1703; x_wconf 93' lang='grc' dir='ltr'><strong><em>σὺ</em></strong></span> <span class='ocrx_word' id='word_1_106' title='bbox 643 1637 772 1721; x_wconf 81' lang='grc' dir='ltr'><strong><em>άχαθὸν</em></strong></span> <span class='ocrx_word' id='word_1_107' title='bbox 796 1639 892 1723; x_wconf 86' lang='grc' dir='ltr'><strong><em>έχεις;</em></strong></span> <span class='ocrx_word' id='word_1_108' title='bbox 929 1637 949 1721; x_wconf 88' lang='grc' dir='ltr'><strong><em>ῆ</em></strong></span> <span class='ocrx_word' id='word_1_109' title='bbox 972 1640 1007 1702; x_wconf 91' lang='grc' dir='ltr'><strong><em>τί</em></strong></span> <span class='ocrx_word' id='word_1_110' title='bbox 1025 1637 1089 1720; x_wconf 87' lang='grc' dir='ltr'><strong><em>ῆδὺ</em></strong></span> <span class='ocrx_word' id='word_1_111' title='bbox 1113 1633 1213 1702; x_wconf 81' lang='grc' dir='ltr'><strong><em>οἶσθα</em></strong></span> 
     </span>
     <span class='ocr_line' id='line_1_15' title="bbox 178 1739 1213 1829; baseline -0.002 -21"><span class='ocrx_word' id='word_1_112' title='bbox 178 1760 195 1808; x_wconf 82' lang='grc'>9</span> <span class='ocrx_word' id='word_1_113' title='bbox 214 1739 319 1828; x_wconf 74' lang='grc' dir='ltr'><strong><em>μηδὲν</em></strong></span> <span class='ocrx_word' id='word_1_114' title='bbox 337 1745 464 1810; x_wconf 83' lang='grc' dir='ltr'><strong><em>τούτων</em></strong></span> <span class='ocrx_word' id='word_1_115' title='bbox 483 1743 578 1808; x_wconf 77' lang='grc' dir='ltr'><strong><em>ἕνεκα</em></strong></span> <span class='ocrx_word' id='word_1_116' title='bbox 595 1744 748 1829; x_wconf 87' lang='grc' dir='ltr'><strong><em>πράττειν</em></strong></span> <span class='ocrx_word' id='word_1_117' title='bbox 767 1741 945 1822; x_wconf 85' lang='grc' dir='ltr'><strong><em>έθέλουσα;</em></strong></span> <span class='ocrx_word' id='word_1_118' title='bbox 967 1744 1038 1826; x_wconf 84' lang='grc' dir='ltr'><strong><em>ῆτις</em></strong></span> <span class='ocrx_word' id='word_1_119' title='bbox 1056 1739 1135 1808; x_wconf 72' lang='grc' dir='ltr'><strong><em>οὐδὲ</em></strong></span> <span class='ocrx_word' id='word_1_120' title='bbox 1151 1744 1213 1826; x_wconf 85' lang='grc' dir='ltr'><strong><em>τῆν</em></strong></span> 
     </span>
     <span class='ocr_line' id='line_1_16' title="bbox 212 1846 1213 1934; baseline -0.003 -20"><span class='ocrx_word' id='word_1_121' title='bbox 212 1860 280 1914; x_wconf 84' lang='grc' dir='ltr'><strong><em>τῶν</em></strong></span> <span class='ocrx_word' id='word_1_122' title='bbox 298 1847 406 1932; x_wconf 79' lang='grc' dir='ltr'><strong><em>ἡδέων</em></strong></span> <span class='ocrx_word' id='word_1_123' title='bbox 425 1848 604 1932; x_wconf 80' lang='grc' dir='ltr'><strong><em>ἐπιθυμίαν</em></strong></span> <span class='ocrx_word' id='word_1_124' title='bbox 623 1847 806 1933; x_wconf 89' lang='grc' dir='ltr'><strong><em>άναμένεις,</em></strong></span> <span class='ocrx_word' id='word_1_125' title='bbox 823 1848 906 1914; x_wconf 84' lang='grc' dir='ltr'><strong><em>ἀλλά</em></strong></span> <span class='ocrx_word' id='word_1_126' title='bbox 919 1846 999 1934; x_wconf 82' lang='grc' dir='ltr'><strong><em>πρὶν</em></strong></span> <span class='ocrx_word' id='word_1_127' title='bbox 1013 1847 1213 1932; x_wconf 80' lang='grc' dir='ltr'><strong><em>ἐπιθυμῆσαι</em></strong></span> 
     </span>
     <span class='ocr_line' id='line_1_17' title="bbox 213 1950 1212 2038; baseline 0 -20"><span class='ocrx_word' id='word_1_128' title='bbox 213 1954 346 2019; x_wconf 87' lang='grc' dir='ltr'><strong><em>πάντων</em></strong></span> <span class='ocrx_word' id='word_1_129' title='bbox 369 1953 601 2038; x_wconf 79' lang='grc' dir='ltr'><strong><em>ἐμπίμπλασαι,</em></strong></span> <span class='ocrx_word' id='word_1_130' title='bbox 623 1952 703 2038; x_wconf 79' lang='grc' dir='ltr'><strong><em>πρὶν</em></strong></span> <span class='ocrx_word' id='word_1_131' title='bbox 725 1950 785 2038; x_wconf 74' lang='grc' dir='ltr'><strong><em>μέν</em></strong></span> <span class='ocrx_word' id='word_1_132' title='bbox 807 1962 924 2038; x_wconf 79' lang='grc' dir='ltr'><strong><em>πεινῆν</em></strong></span> <span class='ocrx_word' id='word_1_133' title='bbox 942 1953 1112 2037; x_wconf 76' lang='grc' dir='ltr'><strong><em>ἐσθίουσα,</em></strong></span> <span class='ocrx_word' id='word_1_134' title='bbox 1133 1951 1212 2037; x_wconf 81' lang='grc' dir='ltr'><strong><em>πρὶν</em></strong></span> 
     </span>
     <span class='ocr_line' id='line_1_18' title="bbox 214 2055 1214 2145; baseline -0.002 -21"><span class='ocrx_word' id='word_1_135' title='bbox 214 2055 252 2124; x_wconf 69' lang='grc' dir='ltr'><strong><em>δὲ</em></strong></span> <span class='ocrx_word' id='word_1_136' title='bbox 271 2061 372 2143; x_wconf 75' lang='grc' dir='ltr'><strong><em>διψῆν</em></strong></span> <span class='ocrx_word' id='word_1_137' title='bbox 390 2062 543 2142; x_wconf 92' lang='grc' dir='ltr'><strong><em>πίνουσα,</em></strong></span> <span class='ocrx_word' id='word_1_138' title='bbox 565 2057 620 2123; x_wconf 81' lang='grc' dir='ltr'><strong><em>καὶ</em></strong></span> <span class='ocrx_word' id='word_1_139' title='bbox 638 2061 693 2124; x_wconf 78' lang='grc' dir='ltr'><strong><em>ἵνα</em></strong></span> <span class='ocrx_word' id='word_1_140' title='bbox 712 2056 772 2144; x_wconf 75' lang='grc' dir='ltr'><strong><em>μὲν</em></strong></span> <span class='ocrx_word' id='word_1_141' title='bbox 789 2057 893 2142; x_wconf 75' lang='grc' dir='ltr'><strong><em>ἡδέως</em></strong></span> <span class='ocrx_word' id='word_1_142' title='bbox 911 2059 1027 2145; x_wconf 75' lang='grc' dir='ltr'><strong><em>(μάχης,</em></strong></span> <span class='ocrx_word' id='word_1_143' title='bbox 1046 2058 1214 2136; x_wconf 78' lang='grc' dir='ltr'><strong><em>ὀψοποιεῖς</em></strong></span> 
     </span>
     <span class='ocr_line' id='line_1_19' title="bbox 213 2160 1213 2250; baseline -0.001 -22"><span class='ocrx_word' id='word_1_144' title='bbox 213 2164 320 2228; x_wconf 90' lang='grc' dir='ltr'><strong><em>πάντα</em></strong></span> <span class='ocrx_word' id='word_1_145' title='bbox 338 2161 566 2248; x_wconf 85' lang='grc' dir='ltr'><strong><em>μηχανωμένη,</em></strong></span> <span class='ocrx_word' id='word_1_146' title='bbox 584 2165 638 2229; x_wconf 82' lang='grc' dir='ltr'><strong><em>ἵνα</em></strong></span> <span class='ocrx_word' id='word_1_147' title='bbox 658 2160 694 2229; x_wconf 75' lang='grc' dir='ltr'><strong><em>δέ</em></strong></span> <span class='ocrx_word' id='word_1_148' title='bbox 712 2162 816 2248; x_wconf 81' lang='grc' dir='ltr'><strong><em>ἡδέως</em></strong></span> <span class='ocrx_word' id='word_1_149' title='bbox 833 2168 919 2250; x_wconf 87' lang='grc' dir='ltr'><strong><em>πίης,</em></strong></span> <span class='ocrx_word' id='word_1_150' title='bbox 938 2171 1050 2240; x_wconf 83' lang='grc' dir='ltr'><strong><em>οἴνους</em></strong></span> <span class='ocrx_word' id='word_1_151' title='bbox 1064 2186 1098 2228; x_wconf 92' lang='grc' dir='ltr'><strong><em>τε</em></strong></span> <span class='ocrx_word' id='word_1_152' title='bbox 1112 2169 1213 2228; x_wconf 89' lang='grc' dir='ltr'><strong><em>πολυ-</em></strong></span> 
     </span>
     <span class='ocr_line' id='line_1_20' title="bbox 213 2266 1213 2355; baseline -0.001 -22"><span class='ocrx_word' id='word_1_153' title='bbox 213 2273 317 2345; x_wconf 88' lang='grc' dir='ltr'><strong><em>τελεῖς</em></strong></span> <span class='ocrx_word' id='word_1_154' title='bbox 338 2269 572 2355; x_wconf 77' lang='grc' dir='ltr'><strong><em>παρασκευάζει</em></strong></span> <span class='ocrx_word' id='word_1_155' title='bbox 594 2267 730 2335; x_wconf 80' lang='grc' dir='ltr'><strong><em>καὶτοῦ</em></strong></span> <span class='ocrx_word' id='word_1_156' title='bbox 752 2267 875 2355; x_wconf 86' lang='grc' dir='ltr'><strong><em>θέρους</em></strong></span> <span class='ocrx_word' id='word_1_157' title='bbox 896 2273 991 2355; x_wconf 92' lang='grc' dir='ltr'><strong><em>χιόνα</em></strong></span> <span class='ocrx_word' id='word_1_158' title='bbox 1013 2266 1213 2354; x_wconf 83' lang='grc' dir='ltr'><strong><em>περιθέουσα</em></strong></span> 
     </span>
     <span class='ocr_line' id='line_1_21' title="bbox 216 2371 1214 2460; baseline 0 -22"><span class='ocrx_word' id='word_1_159' title='bbox 216 2377 332 2457; x_wconf 89' lang='grc' dir='ltr'><strong><em>ζητεῖς,</em></strong></span> <span class='ocrx_word' id='word_1_160' title='bbox 368 2375 423 2439; x_wconf 82' lang='grc' dir='ltr'><strong><em>ἵνα</em></strong></span> <span class='ocrx_word' id='word_1_161' title='bbox 460 2371 496 2439; x_wconf 72' lang='grc' dir='ltr'><strong><em>δὲ</em></strong></span> <span class='ocrx_word' id='word_1_162' title='bbox 532 2375 753 2460; x_wconf 79' lang='grc' dir='ltr'><strong><em>καθυπνώσῃς</em></strong></span> <span class='ocrx_word' id='word_1_163' title='bbox 787 2371 906 2457; x_wconf 83' lang='grc' dir='ltr'><strong><em>ῆδέος,</em></strong></span> <span class='ocrx_word' id='word_1_164' title='bbox 942 2373 982 2438; x_wconf 86' lang='grc' dir='ltr'><strong><em>οὐ</em></strong></span> <span class='ocrx_word' id='word_1_165' title='bbox 1018 2377 1122 2457; x_wconf 89' lang='grc' dir='ltr'><strong><em>μόνον</em></strong></span> <span class='ocrx_word' id='word_1_166' title='bbox 1156 2375 1214 2450; x_wconf 90' lang='grc' dir='ltr'><strong><em>τάς</em></strong></span> 
     </span>
     <span class='ocr_line' id='line_1_22' title="bbox 215 2477 1214 2565; baseline -0.002 -21"><span class='ocrx_word' id='word_1_167' title='bbox 215 2480 386 2565; x_wconf 83' lang='grc' dir='ltr'><strong><em>στρωμνάς</em></strong></span> <span class='ocrx_word' id='word_1_168' title='bbox 404 2479 559 2562; x_wconf 87' lang='grc' dir='ltr'><strong><em>μαλακάς,</em></strong></span> <span class='ocrx_word' id='word_1_169' title='bbox 578 2478 660 2544; x_wconf 83' lang='grc' dir='ltr'><strong><em>ἀλλά</em></strong></span> <span class='ocrx_word' id='word_1_170' title='bbox 678 2477 733 2544; x_wconf 83' lang='grc' dir='ltr'><strong><em>καὶ</em></strong></span> <span class='ocrx_word' id='word_1_171' title='bbox 750 2480 789 2544; x_wconf 86' lang='grc' dir='ltr'><strong><em>τά</em></strong></span> <span class='ocrx_word' id='word_1_172' title='bbox 807 2479 984 2565; x_wconf 85' lang='grc' dir='ltr'><strong><em>ὑπόβαθρα</em></strong></span> <span class='ocrx_word' id='word_1_173' title='bbox 1002 2490 1071 2556; x_wconf 80' lang='grc' dir='ltr'><strong><em>ταῖς</em></strong></span> <span class='ocrx_word' id='word_1_174' title='bbox 1088 2482 1214 2554; x_wconf 91' lang='grc' dir='ltr'><strong><em>κλίναις</em></strong></span> 
     </span>
     <span class='ocr_line' id='line_1_23' title="bbox 214 2582 1214 2671; baseline -0.001 -22"><span class='ocrx_word' id='word_1_175' title='bbox 214 2584 461 2668; x_wconf 79' lang='grc' dir='ltr'><strong><em>παρασκευάζει·</em></strong></span> <span class='ocrx_word' id='word_1_176' title='bbox 485 2584 525 2650; x_wconf 88' lang='grc' dir='ltr'><strong><em>ού</em></strong></span> <span class='ocrx_word' id='word_1_177' title='bbox 548 2586 610 2671; x_wconf 84' lang='grc' dir='ltr'><strong><em>γάρ</em></strong></span> <span class='ocrx_word' id='word_1_178' title='bbox 634 2585 689 2650; x_wconf 86' lang='grc' dir='ltr'><strong><em>διά</em></strong></span> <span class='ocrx_word' id='word_1_179' title='bbox 711 2586 748 2649; x_wconf 89' lang='grc' dir='ltr'><strong><em>τὸ</em></strong></span> <span class='ocrx_word' id='word_1_180' title='bbox 770 2595 897 2666; x_wconf 88' lang='grc' dir='ltr'><strong><em>πονεῖν,</em></strong></span> <span class='ocrx_word' id='word_1_181' title='bbox 919 2582 1002 2649; x_wconf 88' lang='grc' dir='ltr'><strong><em>άλλά</em></strong></span> <span class='ocrx_word' id='word_1_182' title='bbox 1025 2585 1135 2649; x_wconf 81' lang='grc' dir='ltr'><strong><em>διὰτὸ</em></strong></span> <span class='ocrx_word' id='word_1_183' title='bbox 1153 2607 1214 2667; x_wconf 83' lang='grc' dir='ltr'><strong><em>μη-</em></strong></span> 
     </span>
     <span class='ocr_line' id='line_1_24' title="bbox 163 2685 1214 2774; baseline -0.001 -21"><span class='ocrx_word' id='word_1_184' title='bbox 163 2707 197 2754; x_wconf 90' lang='lat'><strong><em>10</em></strong></span> <span class='ocrx_word' id='word_1_185' title='bbox 217 2685 274 2755; x_wconf 70' lang='grc' dir='ltr'><strong><em>δέν</em></strong></span> <span class='ocrx_word' id='word_1_186' title='bbox 293 2691 390 2774; x_wconf 82' lang='grc' dir='ltr'><strong><em>ἔχειν,</em></strong></span> <span class='ocrx_word' id='word_1_187' title='bbox 414 2688 431 2753; x_wconf 83' lang='grc' dir='ltr'><strong><em>ό</em></strong></span> <span class='ocrx_word' id='word_1_188' title='bbox 450 2713 481 2754; x_wconf 90' lang='grc' dir='ltr'><strong><em>τι</em></strong></span> <span class='ocrx_word' id='word_1_189' title='bbox 499 2698 604 2774; x_wconf 86' lang='grc' dir='ltr'><strong><em>ποιῆς,</em></strong></span> <span class='ocrx_word' id='word_1_190' title='bbox 622 2689 729 2754; x_wconf 83' lang='grc' dir='ltr'><strong><em>ὕπνου</em></strong></span> <span class='ocrx_word' id='word_1_191' title='bbox 749 2687 932 2771; x_wconf 84' lang='grc' dir='ltr'><strong><em>ἐπιθυμεῖς·</em></strong></span> <span class='ocrx_word' id='word_1_192' title='bbox 957 2689 1042 2754; x_wconf 84' lang='grc' dir='ltr'><strong><em>οὕτω</em></strong></span> <span class='ocrx_word' id='word_1_193' title='bbox 1060 2689 1123 2772; x_wconf 78' lang='grc' dir='ltr'><strong><em>γάρ</em></strong></span> <span class='ocrx_word' id='word_1_194' title='bbox 1140 2707 1214 2752; x_wconf 91' lang='grc' dir='ltr'><strong><em>παι-</em></strong></span> 
     </span>
     <span class='ocr_line' id='line_1_25' title="bbox 216 2789 1214 2878; baseline -0.003 -18"><span class='ocrx_word' id='word_1_195' title='bbox 216 2797 322 2872; x_wconf 87' lang='grc' dir='ltr'><strong><em>δεύεις</em></strong></span> <span class='ocrx_word' id='word_1_196' title='bbox 340 2798 417 2871; x_wconf 92' lang='grc' dir='ltr'><strong><em>τοὺς</em></strong></span> <span class='ocrx_word' id='word_1_197' title='bbox 436 2805 572 2878; x_wconf 89' lang='grc' dir='ltr'><strong><em>σεαυτῆς</em></strong></span> <span class='ocrx_word' id='word_1_198' title='bbox 590 2798 719 2878; x_wconf 88' lang='grc' dir='ltr'><strong><em>φίλους,</em></strong></span> <span class='ocrx_word' id='word_1_199' title='bbox 737 2803 793 2876; x_wconf 87' lang='grc' dir='ltr'><strong><em>τῆς</em></strong></span> <span class='ocrx_word' id='word_1_200' title='bbox 811 2789 872 2878; x_wconf 69' lang='grc' dir='ltr'><strong><em>μέν</em></strong></span> <span class='ocrx_word' id='word_1_201' title='bbox 889 2796 1007 2870; x_wconf 86' lang='grc' dir='ltr'><strong><em>νυκτὸς</em></strong></span> <span class='ocrx_word' id='word_1_202' title='bbox 1024 2793 1214 2877; x_wconf 83' lang='grc' dir='ltr'><strong><em>ὑβρίζουσα,</em></strong></span> 
     </span>
     <span class='ocr_line' id='line_1_26' title="bbox 214 2897 1213 2986; baseline -0.003 -21"><span class='ocrx_word' id='word_1_203' title='bbox 214 2910 272 2985; x_wconf 87' lang='grc' dir='ltr'><strong><em>τῆς</em></strong></span> <span class='ocrx_word' id='word_1_204' title='bbox 294 2897 324 2965; x_wconf 88' lang='grc' dir='ltr'><strong><em>δ’</em></strong></span> <span class='ocrx_word' id='word_1_205' title='bbox 347 2899 467 2986; x_wconf 79' lang='grc' dir='ltr'><strong><em>ἡμέρας</em></strong></span> <span class='ocrx_word' id='word_1_206' title='bbox 488 2903 525 2966; x_wconf 88' lang='grc' dir='ltr'><strong><em>τὸ</em></strong></span> <span class='ocrx_word' id='word_1_207' title='bbox 549 2901 793 2985; x_wconf 84' lang='grc' dir='ltr'><strong><em>χρησιμώτατον</em></strong></span> <span class='ocrx_word' id='word_1_208' title='bbox 815 2901 1094 2982; x_wconf 90' lang='grc' dir='ltr'><strong><em>κατακοιμίζουσα.</em></strong></span> <span class='ocrx_word' id='word_1_209' title='bbox 1130 2897 1213 2976; x_wconf 88' lang='grc' dir='ltr'><strong><em>άθά-</em></strong></span> 
     </span>
     <span class='ocr_line' id='line_1_27' title="bbox 214 2999 1214 3090; baseline -0.003 -20"><span class='ocrx_word' id='word_1_210' title='bbox 214 3029 313 3082; x_wconf 89' lang='grc' dir='ltr'><strong><em>νατος</em></strong></span> <span class='ocrx_word' id='word_1_211' title='bbox 340 3003 377 3070; x_wconf 72' lang='grc' dir='ltr'><strong><em>δὲ</em></strong></span> <span class='ocrx_word' id='word_1_212' title='bbox 405 3000 488 3070; x_wconf 87' lang='grc' dir='ltr'><strong><em>οὖσα</em></strong></span> <span class='ocrx_word' id='word_1_213' title='bbox 516 3005 550 3070; x_wconf 82' lang='grc' dir='ltr'><strong><em>ἐκ</em></strong></span> <span class='ocrx_word' id='word_1_214' title='bbox 577 3011 668 3070; x_wconf 81' lang='grc' dir='ltr'><strong><em>θεῶν</em></strong></span> <span class='ocrx_word' id='word_1_215' title='bbox 695 3001 755 3089; x_wconf 71' lang='grc' dir='ltr'><strong><em>μέν</em></strong></span> <span class='ocrx_word' id='word_1_216' title='bbox 782 3003 976 3090; x_wconf 75' lang='grc' dir='ltr'><strong><em>ἀπέρριψαι,</em></strong></span> <span class='ocrx_word' id='word_1_217' title='bbox 1002 3004 1066 3069; x_wconf 90' lang='grc' dir='ltr'><strong><em>ὑπὸ</em></strong></span> <span class='ocrx_word' id='word_1_218' title='bbox 1094 2999 1131 3068; x_wconf 71' lang='grc' dir='ltr'><strong><em>δὲ</em></strong></span> <span class='ocrx_word' id='word_1_219' title='bbox 1157 3002 1214 3068; x_wconf 85' lang='grc' dir='ltr'><strong><em>άν-</em></strong></span> 
     </span>
     <span class='ocr_line' id='line_1_28' title="bbox 215 3103 1233 3195; baseline -0.003 -19"><span class='ocrx_word' id='word_1_220' title='bbox 215 3113 361 3195; x_wconf 87' lang='grc' dir='ltr'><strong><em>θράπων</em></strong></span> <span class='ocrx_word' id='word_1_221' title='bbox 393 3109 530 3192; x_wconf 78' lang='grc' dir='ltr'><strong><em>ἀγαθῶν</em></strong></span> <span class='ocrx_word' id='word_1_222' title='bbox 561 3110 719 3194; x_wconf 87' lang='grc' dir='ltr'><strong><em>ἀτιμάζει·</em></strong></span> <span class='ocrx_word' id='word_1_223' title='bbox 759 3119 819 3176; x_wconf 86' lang='grc' dir='ltr'><strong><em>τοῦ</em></strong></span> <span class='ocrx_word' id='word_1_224' title='bbox 851 3107 888 3174; x_wconf 75' lang='grc' dir='ltr'><strong><em>δὲ</em></strong></span> <span class='ocrx_word' id='word_1_225' title='bbox 916 3110 1049 3175; x_wconf 84' lang='grc' dir='ltr'><strong><em>πάντων</em></strong></span> <span class='ocrx_word' id='word_1_226' title='bbox 1077 3103 1233 3192; x_wconf 75' lang='grc' dir='ltr'><strong><em>ἡδίστου</em></strong></span> 
     </span>
     <span class='ocr_line' id='line_1_29' title="bbox 215 3211 1214 3300; baseline -0.002 -20"><span class='ocrx_word' id='word_1_227' title='bbox 215 3216 431 3300; x_wconf 90' lang='grc' dir='ltr'><strong><em>άκούσματος,</em></strong></span> <span class='ocrx_word' id='word_1_228' title='bbox 454 3214 590 3280; x_wconf 89' lang='grc' dir='ltr'><strong><em>έπαίνου</em></strong></span> <span class='ocrx_word' id='word_1_229' title='bbox 610 3225 757 3299; x_wconf 90' lang='grc' dir='ltr'><strong><em>σεαυτῆς,</em></strong></span> <span class='ocrx_word' id='word_1_230' title='bbox 780 3214 920 3296; x_wconf 85' lang='grc' dir='ltr'><strong><em>άνῆκοος</em></strong></span> <span class='ocrx_word' id='word_1_231' title='bbox 937 3211 969 3280; x_wconf 79' lang='grc' dir='ltr'><strong><em>εί</em></strong></span> <span class='ocrx_word' id='word_1_232' title='bbox 984 3212 1038 3279; x_wconf 86' lang='grc' dir='ltr'><strong><em>καὶ</em></strong></span> <span class='ocrx_word' id='word_1_233' title='bbox 1056 3223 1115 3279; x_wconf 90' lang='grc' dir='ltr'><strong><em>τοῦ</em></strong></span> <span class='ocrx_word' id='word_1_234' title='bbox 1132 3213 1214 3278; x_wconf 90' lang='grc' dir='ltr'><strong><em>πάν-</em></strong></span> 
     </span>
     <span class='ocr_line' id='line_1_30' title="bbox 216 3316 1214 3404; baseline -0.004 -18"><span class='ocrx_word' id='word_1_235' title='bbox 216 3346 283 3387; x_wconf 86' lang='grc' dir='ltr'><strong><em>των</em></strong></span> <span class='ocrx_word' id='word_1_236' title='bbox 314 3322 451 3404; x_wconf 79' lang='grc' dir='ltr'><strong><em>ἡδίστου</em></strong></span> <span class='ocrx_word' id='word_1_237' title='bbox 482 3320 645 3404; x_wconf 86' lang='grc' dir='ltr'><strong><em>θεάματος</em></strong></span> <span class='ocrx_word' id='word_1_238' title='bbox 677 3318 829 3396; x_wconf 86' lang='grc' dir='ltr'><strong><em>άθέατος·</em></strong></span> <span class='ocrx_word' id='word_1_239' title='bbox 866 3316 965 3385; x_wconf 73' lang='grc' dir='ltr'><strong><em>οὐδὲν</em></strong></span> <span class='ocrx_word' id='word_1_240' title='bbox 993 3319 1056 3402; x_wconf 77' lang='grc' dir='ltr'><strong><em>γάρ</em></strong></span> <span class='ocrx_word' id='word_1_241' title='bbox 1085 3319 1214 3383; x_wconf 85' lang='grc' dir='ltr'><strong><em>πώποτε</em></strong></span> 
     </span>
     <span class='ocr_line' id='line_1_31' title="bbox 165 3421 1214 3512; baseline -0.005 -20"><span class='ocrx_word' id='word_1_242' title='bbox 165 3445 198 3492; x_wconf 83' lang='grc'><strong><em>11</em></strong></span> <span class='ocrx_word' id='word_1_243' title='bbox 218 3435 355 3511; x_wconf 89' lang='grc' dir='ltr'><strong><em>σεαυτῆς</em></strong></span> <span class='ocrx_word' id='word_1_244' title='bbox 378 3429 475 3512; x_wconf 80' lang='grc' dir='ltr'><strong><em>ἔργον</em></strong></span> <span class='ocrx_word' id='word_1_245' title='bbox 498 3427 599 3492; x_wconf 91' lang='grc' dir='ltr'><strong><em>καλὸν</em></strong></span> <span class='ocrx_word' id='word_1_246' title='bbox 621 3423 784 3491; x_wconf 86' lang='grc' dir='ltr'><strong><em>τεθέασαι.</em></strong></span> <span class='ocrx_word' id='word_1_247' title='bbox 819 3427 868 3500; x_wconf 87' lang='grc' dir='ltr'><strong><em>τίς</em></strong></span> <span class='ocrx_word' id='word_1_248' title='bbox 890 3421 920 3488; x_wconf 88' lang='grc' dir='ltr'><strong><em>δ’</em></strong></span> <span class='ocrx_word' id='word_1_249' title='bbox 942 3424 985 3488; x_wconf 85' lang='grc' dir='ltr'><strong><em>άν</em></strong></span> <span class='ocrx_word' id='word_1_250' title='bbox 1003 3439 1056 3488; x_wconf 92' lang='grc' dir='ltr'><strong><em>σοι</em></strong></span> <span class='ocrx_word' id='word_1_251' title='bbox 1074 3424 1214 3508; x_wconf 78' lang='grc' dir='ltr'><strong><em>λεγούσῃ</em></strong></span> 
     </span>
     <span class='ocr_line' id='line_1_32' title="bbox 218 3525 1214 3614; baseline -0.006 -17"><span class='ocrx_word' id='word_1_252' title='bbox 218 3556 250 3597; x_wconf 93' lang='grc' dir='ltr'><strong><em>τι</em></strong></span> <span class='ocrx_word' id='word_1_253' title='bbox 272 3533 467 3609; x_wconf 75' lang='grc' dir='ltr'><strong><em>πιστεύσειες</em></strong></span> <span class='ocrx_word' id='word_1_254' title='bbox 490 3533 539 3607; x_wconf 89' lang='grc' dir='ltr'><strong><em>τίς</em></strong></span> <span class='ocrx_word' id='word_1_255' title='bbox 561 3527 590 3595; x_wconf 92' lang='grc' dir='ltr'><strong><em>δ’</em></strong></span> <span class='ocrx_word' id='word_1_256' title='bbox 614 3529 655 3596; x_wconf 83' lang='grc' dir='ltr'><strong><em>δν</em></strong></span> <span class='ocrx_word' id='word_1_257' title='bbox 679 3528 818 3614; x_wconf 86' lang='grc' dir='ltr'><strong><em>δεομένη</em></strong></span> <span class='ocrx_word' id='word_1_258' title='bbox 839 3531 928 3606; x_wconf 92' lang='grc' dir='ltr'><strong><em>τινὸς</em></strong></span> <span class='ocrx_word' id='word_1_259' title='bbox 951 3525 1169 3614; x_wconf 85' lang='grc' dir='ltr'><strong><em>ἐπαρκέσειεν;</em></strong></span> <span class='ocrx_word' id='word_1_260' title='bbox 1194 3527 1214 3612; x_wconf 85' lang='grc' dir='ltr'><strong><em>ῆ</em></strong></span> 
     </span>
    </p>
   </div>
   <div class='ocr_carea' id='block_1_3' title="bbox 0 0 1369 4028">
    <p class='ocr_par' dir='ltr' id='par_1_3' title="bbox 0 0 1369 4028">
     <span class='ocr_line' id='line_1_33' title="bbox 0 0 1369 4028; baseline 0 0"><span class='ocrx_word' id='word_1_261' title='bbox 0 0 1369 4028; x_wconf 95' lang='lat' dir='ltr'><strong><em> </em></strong></span> 
     </span>
    </p>
   </div>
  </div>
 </body>
</html>
