2722 4028
217 193 259 259 16
557 197 589 252 v,
607 195 865 250 Πεουεεεεοε.

215 363 318 441 νεῦρα
339 366 407 432 τοῖς
428 354 550 421 πάθεσι
573 359 780 441 προστίθησι.
817 353 872 422 καὶ
894 359 930 423 τὸ
954 367 1014 422 τοῦ
1032 360 1217 422 Διονυσίου

216 458 338 545 ἀληθές
360 459 463 526 ἐστιν·
491 463 553 546 ἔφη
576 461 639 546 γάρ
662 459 842 526 ἀπολαύειν
865 461 1005 545 μάλιστα
1027 471 1083 545 τῆς
1106 461 1218 546 ἀρχῆς,

216 565 295 630 όταν
318 563 439 650 ταχέως
461 565 482 630 δ
504 566 657 650 βούλεται
678 575 765 651 ποιῇ.
802 563 902 651 μέγας
925 561 987 631 οὖν
1010 567 1028 632 δ
1050 568 1217 650 κίνδυνος,

216 671 398 755 βούλεσθαι
421 670 441 735 δ
463 672 507 754 μη
530 672 583 735 δεῖ
603 673 661 737 τὸν
684 671 704 736 ἀ
723 673 875 759 βούλεται
893 683 1001 739 ποιεῖν
1020 672 1216 756 δυνάμενον.
1348 683 1349 688 ’

262 774 386 841 Ἀύτίιέ
409 775 518 842 ἔπειτά
539 799 576 858 γε
599 783 706 859 μῦθος
728 779 802 860 ἔην,
824 774 987 842 τετέλεστο
1010 773 1047 841 δὲ
1070 777 1188 862 ἔργων’
1348 849 1349 864 χ

217 878 298 958 ὀξύν
325 879 346 963 ἡ
375 883 471 945 κακία
501 881 556 945 διά
584 889 641 964 τῆς
669 879 818 958 ἐξουσίας
847 883 972 966 δρόμον
1002 883 1122 966 ἔχουσα
1150 891 1215 946 πᾶν
1348 871 1349 916 1

216 985 324 1062 πάθος
343 983 485 1070 ἐξανθεῖ,
509 993 650 1051 ποιοῦσα
671 987 732 1068 την
756 985 859 1070 ὀργὴν
881 989 1004 1071 (μόνον,
1030 988 1089 1052 τὸν
1113 989 1216 1074 ἔρωτα

217 1094 381 1176 μοιχείαν,
402 1091 464 1174 τὴν
485 1089 677 1168 πλεονεξίαν
700 1093 868 1175 δήμευσιν.

428 1193 551 1261 Ἀύτίιί
575 1193 680 1262 έπενθ’
703 1197 769 1282 άμα
791 1203 898 1281 μῦθος
921 1197 1006 1281 ἔην’,

216 1299 271 1366 καὶ
293 1300 462 1366 ἀπόλωλεν
485 1301 503 1366 δ
525 1302 764 1387 προσκρούσας·
800 1301 957 1386 ὑπόνοια,
980 1300 1035 1368 καὶ
1057 1300 1216 1386 τέθνηκεν

167 1406 236 1472 1οὸ
269 1407 467 1490 διαβληθείς.
513 1404 585 1472 ἀλλ’
623 1408 730 1490 ὥσπερ
763 1407 798 1472 οί
826 1407 961 1491 φυσικοὶ
993 1407 1125 1491 λέγουσι
1156 1409 1217 1492 την

218 1510 385 1596 ἀστραπὴν
407 1521 463 1595 της
480 1516 621 1596 βροντῆς
638 1511 780 1598 ὑστέραν
798 1509 858 1597 μὲν
877 1513 1053 1597 ἐκπίπτειν,
1076 1513 1120 1589 δις
1137 1504 1217 1597 αἷμα

217 1618 409 1701 τραύματος,
431 1615 594 1702 προτέραν
617 1613 654 1682 δέ
676 1621 855 1703 φαίνεσθαι
877 1621 936 1684 τὸν
958 1603 1019 1702 μέν
1036 1621 1148 1702 ψόφον
1167 1617 1183 1683 ἐ
1203 1657 1217 1667 -

219 1721 395 1806 δεχομένης
417 1731 473 1805 τῆς
495 1721 606 1807 ἀκοῆς,
628 1732 673 1811 τῷ
698 1719 735 1788 δὲ
757 1721 841 1808 φωτὶ
864 1733 921 1807 τῆς
943 1726 1048 1803 ὄψεως
1070 1723 1217 1790 ἀπαντώ-

219 1844 289 1911 σης·
313 1827 416 1904 ούτως
439 1827 475 1892 ἐν
497 1839 568 1905 ταῖς
590 1827 703 1914 ἀρχαῖς
725 1829 916 1913 φθάνουσιν
939 1831 976 1894 αἱ
994 1829 1144 1906 κολάσεις
1161 1829 1218 1905 τάς

218 1937 423 2018 κατηγορίας,
446 1932 500 1999 καὶ
517 1937 794 2020 προεκπίπτουσιν
812 1935 850 1998 αί
864 1935 1035 2000 καταδίκαι
1053 1945 1119 2000 τῶν
1137 1933 1218 1999 ἀπο·
1348 2005 1349 2018 χ

219 2039 359 2116 δείξεων.

351 2141 452 2209 “Eat
471 2146 534 2231 γάρ
556 2147 619 2230 ἤδη
642 2147 751 2230 θυμὸς
773 2145 834 2210 οὐκ
857 2143 900 2210 ἔτ’
923 2144 1064 2230 ἀντέχει,

350 2252 493 2327 θινῶδες
515 2251 559 2327 ὡς
581 2252 757 2335 ἄγκιστρον
780 2250 923 2335 ἀγκύρας
945 2249 1075 2332 σάλον’,

219 2354 261 2420 διν
284 2356 327 2438 μὴ
349 2355 450 2441 βάρος
472 2358 556 2442 ἔχων
576 2357 594 2422 δ
613 2359 767 2440 λογισμὸς
791 2355 944 2441 έπνθλίβη
967 2353 1021 2420 καλ
1043 2353 1134 2440 πιέζη
1157 2355 1217 2438 την

220 2459 382 2545 ἐξουσίαν,
404 2461 608 2546 μιμουμένου
626 2464 684 2528 τὸν
702 2462 798 2544 ἥλιον
816 2470 876 2526 τοῦ
895 2462 1063 2546 ἀρχοντος,
1086 2460 1122 2536 ὃς
1139 2459 1218 2524 όταν

117 2631 119 2638 ,
219 2551 339 2650 ύύωμα
361 2566 445 2652 λάβη
468 2566 638 2651 μέγιστον,
661 2563 809 2650 ἐξαρθεὶς
832 2564 868 2630 έν
890 2576 960 2641 τοῖς
981 2569 1124 2652 βορείοις
1146 2563 1218 2629 έλά-

219 2689 313 2758 χιστα
331 2683 479 2753 κινεῖται,
496 2679 542 2758 τῷ
562 2670 778 2760 σχολαιοτέρῳ
796 2673 855 2736 τὸν
873 2671 999 2755 δρόμον
1015 2672 1062 2746 είς
1075 2665 1219 2754 ἀσφαλὲς

219 2778 465 2860 καθιστάμενος.

221 3039 260 3105 V.
279 3039 430 3103 Fratrum
443 3040 528 3103 inter
543 3061 577 3102 se
591 3060 733 3102 amorem
747 3043 898 3104 anatum
912 3061 981 3104 esse
996 3037 1220 3104 const'tutum.

275 3158 426 3229 (Plussarch.
442 3158 476 3212 de
491 3160 613 3213 fraterno
628 3174 720 3212 amore
740 3176 763 3212 ο.
779 3165 855 3214 1-3.
882 3159 916 3215 cf.
932 3160 999 3214 fasc.
1014 3159 1052 3212 IV
1066 3177 1092 3228 p.
1108 3159 1162 3223 22.)

188 3323 201 3370 1
284 3300 492 3387 ’Λρίσταρχος
514 3300 590 3386 μέν,
617 3303 635 3369 ὁ
659 3300 841 3368 Θεοδέκτου
864 3303 987 3385 πατήρ,
1010 3299 1221 3366 ἐπισκώπτων

221 3410 258 3473 τὸ
281 3413 408 3490 πλῆθος
430 3420 496 3473 τῶν
519 3418 684 3492 σοφιστῶν
708 3410 797 3490 ἔλεγε
818 3409 919 3474 πάλαι
941 3403 1002 3491 μὲν
1025 3404 1103 3471 ἑπτά
1127 3422 1221 3489 σοφι-

223 3514 300 3590 στάς
327 3517 420 3598 μόλις
446 3512 617 3596 γενέσθαι,
643 3516 716 3579 τότε
744 3509 780 3577 δέ
808 3514 851 3597 μὴ
880 3512 1002 3600 ῥηιδίως
1026 3511 1068 3577 ἀν
1091 3511 1223 3588 ίδιώτας
