2722 4028
212 205 255 268 62
585 209 657 258 m.
675 209 835 260 ΠΛΑΤΩΝ.

211 367 248 430 τὸ
266 373 322 448 τῆς
339 367 453 440 τίσεός
470 388 504 430 τε
520 362 574 430 καὶ
589 366 681 449 δίκης
696 368 930 451 δεσμωτήριον,
949 367 1023 451 ὃδὴ
1043 367 1213 452 Τάρταρον

176 487 192 534 3
211 475 381 550 καλοῦσιν,
407 468 498 535 ίίναι.
543 471 670 536 τούτων
693 467 730 536 δὲ
754 470 902 536 δικασταὶ
925 471 977 537 ε’πλ
1000 476 1134 557 Κρόνου
1156 470 1212 536 καὶ

211 577 258 640 ἐτι
285 572 402 640 νεωστὶ
429 585 489 640 τοῦ
511 577 595 652 Διὸς
620 577 681 658 τὴν
708 575 813 660 ἀρχὴν
836 580 967 661 ἔχοντος
990 581 1105 657 ζῶντες
1126 573 1214 661 ἦσαν

212 681 353 763 ζώντων,
376 679 483 764 ἐκείνη
506 689 544 764 τη
567 679 672 768 ἡμέρᾳ
693 682 876 760 δικάζοντες
894 676 914 768 ᾖ
934 681 1084 765 μέλλοιεν
1102 688 1213 750 τελευ-

210 793 279 850 τᾶν.
324 796 431 860 κακῶς
453 779 515 849 οὖν
538 786 575 849 αί
595 787 684 850 δίκαι
707 785 892 871 ἐκρίνοντο·
917 788 934 852 ό
958 811 992 852 τε
1016 784 1078 854 οὖν
1100 789 1214 853 Πλού-

210 913 277 954 των
307 888 362 954 καλ
394 891 429 956 ολ
456 889 644 974 ἐπιμεληταὶ
673 893 709 957 οί
734 891 770 956 ἐκ
792 893 949 977 μακάρων
970 895 1083 976 νήσων
1106 896 1214 969 ίόυτες

211 998 326 1078 ἔλεγον
354 997 435 1081 πρὸς
463 997 522 1062 τὸν
545 1000 628 1078 Δία,
658 996 708 1061 ότι
736 1006 878 1084 φοιτῷεν
902 1000 1016 1081 σφίσιν
1038 999 1213 1082 άυθρωποι

176 1098 389 1184 4ἑκατέρωσε
417 1099 553 1178 ἀνάξιοι.
599 1097 689 1166 εἶπεν
716 1097 778 1167 οὖν
806 1104 823 1168 ὁ
852 1105 949 1179 Ζεύς·
991 1100 1095 1168 υΑλλ’
1124 1102 1213 1186 ἔχω’,

211 1207 290 1289 ἔφη,
317 1205 447 1270 (παύσω
475 1216 571 1272 τοῦτο
599 1209 805 1290 γιγνόμενον.
850 1217 914 1273 νῦν
937 1205 997 1292 μὲν
1020 1210 1083 1291 γάρ
1106 1219 1213 1284 κακῶς

211 1311 248 1374 αί
268 1311 356 1374 δίκαι
379 1311 574 1389 δικάζονται.
619 1312 838 1397 ἀμπεχόμενοι
860 1313 946 1398 γάρ’,
969 1316 1047 1398 ἔφη,
1076 1313 1122 1378 ὀί
1141 1339 1211 1398 κρι-

210 1417 346 1498 νόμενοι
363 1419 544 1500 κρίνονται·
569 1421 684 1495 ζῶντες
702 1419 763 1502 γὰρ
782 1422 958 1502 κρίνονται.
990 1418 1107 1484 πολλοὶ
1125 1414 1211 1501 οὖν’,

210 1515 231 1604 ἦ
255 1518 287 1584 δ’
308 1519 355 1603 ὅς,
378 1519 496 1606 εψυχάς
516 1524 662 1607 πονηράς
684 1525 813 1608 ἔχοντες
831 1525 1046 1608 ἠμφιεσμένοι
1065 1523 1129 1588 είσλ
1148 1526 1211 1589 σώ-

211 1626 296 1709 ματά
317 1650 351 1691 τε
374 1627 457 1691 καλά
479 1625 534 1691 καλ
556 1626 635 1711 γένη
658 1627 713 1692 καλ
735 1630 913 1712 πλούτους,
940 1633 1010 1712 καί,
1034 1629 1167 1694 ἐπειδάν
1189 1629 1210 1712 ἡ

210 1735 316 1815 κρίσις
337 1724 375 1818 ᾖ,
403 1734 553 1816 ἔρχονται
576 1733 687 1809 αὐτοῖς
709 1731 826 1799 πολλοὶ
849 1735 1024 1820 μάρτυρες,
1047 1737 1210 1819 μαρτυρη-

212 1852 324 1912 σοντες
346 1837 390 1912 όις
409 1838 542 1914 δικαίως
559 1839 770 1922 βεβιώκασιν·
794 1840 829 1904 oc
845 1833 906 1904 οὖν
925 1838 1074 1904 δικασταὶ
1091 1839 1157 1904 ὑπό
1176 1863 1209 1904 τε

211 1941 338 2007 τούτων
361 1941 606 2026 ἐκπλήττονται,
635 1942 689 2008 καὶ
712 1946 777 2028 άμα
800 1942 853 2009 καὶ
877 1943 970 2010 αὐτολ
992 1944 1210 2029 ἀμπεχόμενοι

212 2046 395 2128 δικάζουσι,
423 2049 486 2131 πρὸ
515 2057 571 2131 τῆς
597 2059 704 2134 ψυχῆς
729 2059 785 2132 τῆς
808 2051 916 2114 αὑτῶν
939 2051 1132 2134 ὀφθαλμοὺς
1154 2049 1210 2114 καὶ

177 2146 278 2218 οόιτα
307 2149 361 2216 καλ
391 2151 469 2218 ὅλον
499 2155 536 2219 τὸ
567 2165 658 2238 σῶμα
684 2153 995 2238 προκεκαλυμμένοι.
1040 2164 1140 2219 ταῦτα
1167 2155 1210 2238 δὴ

211 2256 323 2333 αὐτοῖς
344 2257 450 2322 πάντα
472 2257 673 2343 ἐπίπροσθεν
696 2263 857 2343 γίγνεται,
880 2258 934 2324 καλ
957 2260 995 2324 τά
1019 2258 1127 2324 αὑτῶν
1150 2257 1210 2342 ἀμ·

211 2360 371 2446 φιίσματα
398 2360 452 2427 καλ
479 2364 519 2427 τὰ
541 2375 606 2428 τῶν
629 2363 843 2449 κρινομένων.
888 2375 1018 2450 πρῶτον
1041 2360 1101 2448 μὲν
1124 2358 1211 2448 οὖν’,

212 2468 290 2550 ἔφη,
318 2465 498 2533 επαυστέον
523 2467 590 2533 ἐστὶ
612 2471 805 2554 προειδότας
828 2469 947 2546 αὐτοὺς
968 2471 1026 2534 τὸν
1048 2469 1210 2534 θάνατον·

210 2581 275 2636 νῦν
297 2572 360 2656 γὰρ
382 2575 543 2657 προΐσασι.
589 2583 686 2639 τοῦτο
708 2571 769 2657 μὲν
792 2569 853 2640 οὖν
876 2572 930 2638 καλ
954 2575 995 2658 δὴ
1018 2581 1142 2659 εἴρηται
1164 2584 1210 2662 τῷ

212 2681 390 2761 Προμηθεῖ
423 2676 510 2754 ὅπως
541 2676 583 2743 άν
614 2681 723 2764 παύση
755 2679 872 2743 αὐτῶν.
925 2681 1033 2744 ἔπειτα
1064 2682 1212 2762 γυμνοὺς

210 2781 340 2867 κριτέον
359 2780 511 2847 ἁπάντων
529 2783 669 2848 τούτων·
692 2789 873 2860 τεθνεῶτας
886 2785 949 2868 γὰρ
964 2785 1018 2849 δεῖ
1028 2788 1211 2867 κρίνεσθαι.

177 2885 265 2954 σκαλ
296 2888 354 2952 τὸν
386 2888 500 2971 κριτὴν
533 2888 585 2952 δεῖ
615 2890 743 2972 γυμνὸν
774 2883 876 2970 εἶναι,
912 2895 1092 2972 τεθνεῶτα,
1128 2889 1211 2972 αὐτῇ

211 3000 249 3076 τῇ
276 3000 364 3076 ψυχῇ
387 2992 489 3076 αὐτὴν
516 2994 577 3076 τὴν
603 2994 713 3077 ψυχὴν
741 2999 933 3077 θεωροῦντα
957 2992 1109 3078 ἐξαίφνης
1131 2992 1211 3058 ἀπο-

210 3099 374 3172 θανόντος
397 3094 550 3178 ἕκάστου,
575 3096 698 3182 ἐρῆμον
719 3098 852 3162 πάντων
875 3109 940 3162 τῶν
964 3107 1134 3180 συγγενῶν
1156 3096 1211 3162 καὶ

211 3204 428 3268 καταλιπόντα
456 3200 508 3266 ἐπὶ
535 3210 591 3285 τῆς
618 3211 677 3285 γῆς
703 3202 809 3266 πάντα
837 3201 963 3268 ἐκεῖνον
989 3203 1048 3267 τὸν
1074 3205 1212 3286 κόσμον,

211 3309 266 3374 ἵνα
294 3309 403 3372 δικαία
429 3306 450 3390 ἡ
478 3309 584 3392 κρίσις
605 3299 636 3392 ᾖ.
683 3306 746 3390 ἐγὼ
770 3303 831 3391 μὲν
854 3302 916 3372 οὖν
938 3316 1038 3372 ταῦτα
1061 3306 1212 3391 ἐγνωκὼς

210 3417 368 3498 πρότερος
394 3411 414 3495 ἢ
436 3412 530 3496 ὑμεῖς
552 3411 753 3497 ἐποιησάμην
777 3413 930 3489 δικαστάς
952 3413 1034 3489 υίεῑς
1058 3411 1211 3496 ἐμαυτοῦ,

212 3520 272 3583 δύο
296 3514 356 3599 μὲν
380 3516 415 3581 ἐκ
435 3525 492 3601 τῆς
506 3515 625 3600 Ἀσίας,
647 3521 747 3582 Μίνω
766 3541 799 3582 τε
817 3515 872 3582 καλ
891 3516 1130 3602 Ῥαδάμανθυν,
1154 3516 1212 3582 ἕνα

1324 118 1338 385 χ
