2722 4028
462 225 534 277 XIV.
553 223 812 276 ΠΔΟΤΤΔΡΧΟΣ,
1096 219 1138 282 47

133 379 296 466 φευκτέον
329 380 398 446 ἐστὶ
428 383 489 465 τὴν
518 383 659 466 πατρίδα
690 382 746 447 διδ
775 383 836 466 τὴν
866 383 928 466 σὴν
958 379 1142 466 ἀκρασίαν.’

134 485 338 572 τρεπομένης
359 483 398 552 δδ
418 490 500 572 πρὸς
523 489 664 571 ἄρνησιν
687 487 787 571 αὐτῆς
808 485 863 552 καί
882 489 1053 571 λεγούσης·
1077 487 1141 552 Ὃύ

136 593 201 676 γὰρ
223 603 325 658 ταῦτα
348 594 427 676 μετά
450 596 647 678 τριακοσίων
670 591 840 676 ἦκουσαςβ
886 593 1037 675 εΠοίων’,
1066 595 1140 676 ἔφη,

136 698 359 782 *τριακοσίους
376 707 437 763 σοῦ
449 696 641 781 βιαζομένης
655 697 844 782 ἐπλασάμην
854 697 1139 782 άποπειρώμενος.’

205 799 311 880 Οὗτος
333 799 394 887 μὲν
418 798 480 868 οὖν
503 802 659 887 ἀσφαλῶς
680 803 769 868 πάνυ
791 801 846 867 καί
868 800 935 886 μετ’
959 803 1140 886 εὐλαβείας,
1159 818 1176 866 8

136 911 247 994 ὥσπερ
266 911 313 985 εἰς
331 908 465 992 ἀγγεῖον
484 911 614 992 σαθρὸν
633 908 695 973 οὐκ
713 903 818 992 οἶνον,
840 908 900 973 οὐκ
919 910 1042 990 ἔλαιον,
1065 905 1137 973 ἀλλ’

135 1015 228 1098 ὕδωρ
253 1011 380 1098 ἐγχέας,
404 1011 555 1097 ἐπείρασε
577 1013 638 1095 τὴν
661 1023 810 1095 γυναῖκα.
858 1013 1023 1094 Φούλβιος
1047 1011 1099 1095 δέ,
1122 1013 1140 1078 ὁ

136 1122 304 1202 Καίσαρος
331 1116 458 1201 ἑταῖρος
485 1127 545 1183 τοῦ
568 1121 756 1202 Σεβαστοῦ,
784 1116 938 1202 γέροντος
960 1119 1024 1201 ἤδη
1047 1141 1141 1201 γεγο-

136 1227 233 1299 νότος
255 1222 398 1300 ἀκούσας
419 1221 625 1308 ὀδυρομένου
643 1224 704 1307 την
722 1221 796 1306 περὶ
814 1225 874 1288 τὸν
892 1218 984 1288 οἰκον
1004 1222 1141 1308 ἐρημίαν
1183 1287 1186 1294 ,

136 1327 193 1394 καί
212 1328 262 1393 ότι
280 1339 347 1393 τῶν
365 1325 426 1412 μέν
445 1329 541 1392 δυοῖν
560 1329 774 1412 θυγατριδῶν
792 1327 895 1393 αὐτοῦ
911 1327 1142 1412 ἀπολωλότων,

137 1436 353 1516 Ποστουμίου
377 1431 425 1515 δέ,
449 1431 485 1509 ὃς
503 1435 550 1497 ἔτι
568 1435 682 1508 λοιπός
700 1431 800 1514 ἐστιν,
824 1431 860 1496 ἐκ
879 1434 1034 1516 διαβολῆς
1052 1458 1142 1510 τινος

138 1539 175 1604 έν
207 1547 298 1623 φυγῇ
331 1539 426 1613 ὄντος
459 1536 671 1620 ἀναγκάζεται
703 1539 762 1602 τὸν
793 1545 850 1620 τῆς
881 1541 1036 1620 γυναικὸς
1064 1541 1141 1604 υίὸν

139 1644 324 1726 ἐπεισάγειν
342 1651 381 1727 τῇ
402 1644 538 1727 διαδοχῇ
557 1651 613 1725 τῆς
630 1642 820 1734 ἡγεμονίας,
835 1647 950 1728 καίπερ
971 1645 1141 1728 οἰκτείρων

137 1748 193 1814 καί
220 1750 463 1832 βουλευόμενος
488 1746 523 1811 ἐκ
545 1756 602 1830 τῆς
623 1747 800 1832 ὑπερορίας
822 1747 1060 1814 ἀνακαλεῖσθαι
1083 1751 1142 1814 τὸν

137 1855 367 1939 θυγατριδοῦν
389 1890 432 1900 -
455 1862 557 1918 ταῦτα
584 1853 602 1918 ὁ
627 1855 794 1938 Φούλβιος
821 1853 964 1930 ἀκούσας
991 1853 1141 1937 ἐξήνεγκε

137 1963 220 2045 πρὸς
251 1959 311 2042 τὴν
343 1955 462 2023 ἑαυτοῦ
494 1969 652 2041 γυναῖκα,
682 1960 764 2043 πρὸς
795 1955 833 2022 δὲ
864 1961 986 2042 Λιβίαν
1020 1958 1141 2042 ἐκείνη·

137 2069 240 2149 Λιβία
263 2060 301 2129 δὲ
323 2066 497 2147 καθήψατο
520 2075 643 2146 πικρῶς
664 2067 843 2148 Καίσαρος,
866 2066 898 2127 εἰ
918 2064 1018 2128 πάλαι
1041 2074 1142 2129 ταῦτα

139 2170 289 2253 ἐγνωκὼς
317 2169 359 2234 ού
386 2166 624 2252 μεταπέμπεται
650 2171 709 2234 τὸν
731 2170 975 2254 θυγατριδοῦν,
1002 2167 1073 2234 ἀλλ’
1096 2171 1143 2245 εἰς

139 2279 264 2361 ε”χθραν
282 2272 337 2339 καί
355 2277 500 2358 πόλεμον
520 2275 622 2358 αὐτὴν
641 2283 685 2362 τῷ
707 2276 850 2361 διαδόχῳ
869 2283 925 2357 τῆς
943 2272 1043 2358 ἀρχῆς
1060 2281 1142 2339 καθ-

139 2385 278 2465 ίστησιν.
320 2380 478 2456 ἐλθόντος
500 2375 562 2446 οὖν
585 2379 708 2464 ἕωθεν,
731 2381 775 2457 ὡς
797 2382 927 2462 εἰώθει,
948 2389 1007 2444 τοῦ
1033 2383 1177 2444 Φουλ-ῖι

138 2491 215 2570 βίου
250 2487 333 2571 πρὸς
368 2486 470 2551 αὐτὸν
506 2483 561 2550 καὶ
597 2487 761 2562 εἰπόντος·
812 2485 946 2570 “Χαῖρε,
982 2485 1141 2568 Καῖσαρ·’

139 2590 327 2674 Ἳγίαινεζ
360 2587 445 2674 εἰπε,
477 2590 662 2676 *Φούλβιεί
707 2589 857 2667 κάκεῖνος
888 2592 1010 2674 νοήσας
1041 2589 1142 2678 ᾤχετο

138 2698 243 2774 εὐθὺς
265 2695 372 2761 ἀπιὼν
395 2698 518 2779 οἰκαδε,
540 2696 594 2761 καί
615 2697 677 2780 τὴν
695 2707 836 2779 γυναῖκα
854 2695 1144 2780 μεταπεμψάμενος

140 2801 345 2886 “Ἐγνωκεν’,
368 2805 447 2887 ἔφη,
470 2802 627 2885 “Καῖσαρ,
650 2801 760 2867 ὅτιτὸ
783 2801 970 2887 ἀπόρρητον
994 2801 1054 2864 ούκ
1077 2799 1143 2865 ἐσι-

139 2910 266 2992 ώπησα·
289 2907 344 2974 καί
368 2909 423 2972 διά
446 2918 542 2973 τοῦτο
566 2906 673 2990 μέλλω
697 2906 846 2992 ἀναιρεῖν
869 2903 1032 2990 ἐμαυτόν.’
1064 2903 1142 2988 ἡδὶ

138 3017 224 3098 γυνη
266 3013 452 3095 *Δικαίωςζ
479 3008 587 3095 εἶπεν,
615 3011 681 3076 ’ὅτι
708 3035 764 3096 μοι
791 3013 950 3078 τοσούτου
978 3022 1143 3077 συνοικῶν

137 3123 262 3204 χρόνον
290 3120 351 3186 ούκ
374 3122 477 3202 ἔγνως
500 3115 574 3183 οὐδ’
595 3117 746 3203 ἐφυλάξω
769 3119 830 3202 τὴν
852 3116 1025 3201 ἀκρασίαν·
1067 3112 1138 3180 ἀλλ’

137 3227 238 3290 ἔασον
268 3221 323 3310 ἐμὲ
350 3222 536 3311 προτέραν.’
580 3221 635 3288 καί
663 3227 810 3308 λαβοῦσα
837 3224 874 3288 τὸ
902 3220 996 3306 ξίφος
1022 3217 1142 3305 ἑαυτὴν

136 3335 311 3415 προανεῖλε
334 3341 394 3396 τοῦ
417 3329 547 3415 ἀνδρός.

205 3437 250 3501 Οί
270 3433 307 3501 δέ
330 3441 478 3501 πλεῖστοι
499 3445 566 3499 τῶν
589 3432 778 3518 ἀδολέσχων
797 3430 868 3498 οὐδ’
887 3435 995 3498 αἰτίαν
1014 3435 1143 3518 ἔχοντες
1162 3449 1195 3498 10

136 3540 361 3607 ἀπολλύουσιν
384 3539 511 3616 αύτούς.
552 3530 624 3605 οἷον
648 3538 685 3604 ἐν
708 3541 848 3627 κονρείφ
870 3536 935 3603 τινὶ
959 3540 1068 3621 λόγων
1091 3562 1141 3623 γι-
