2722 4028
519 246 565 297 XI.
585 240 768 302 ΞΕΝΟΦΩΝ.
1105 241 1148 306 35

6 425 35 465 15·
146 403 233 490 γάρ’,
261 406 339 488 ἔφη,
367 398 404 468 *ὦ
428 402 622 488 Σώκρατες’
667 401 807 468 εἘκεῖνο
835 399 881 486 δ’,
909 397 934 468 ὦ
958 403 1151 487 Εὐθύδημε,

6 538 31 570 ι,
146 511 211 594 ήδη
230 505 354 574 πώποτ’
373 507 609 592 ε’νεθυμήδης;’
647 507 794 586 Ἧοῑον;’
817 510 888 592 ἔφη.
925 506 1008 572 “’οτι
1025 505 1080 572 καὶ
1098 506 1151 572 έπλ

19 623 31 678 λ
146 615 187 680 τὰ
207 611 300 698 ἡδέα,
324 610 374 698 ἐφ’
398 614 479 696 ἀπερ
503 616 588 696 μόνα
611 615 704 678 δοκεῖ
723 614 743 696 ή
767 613 905 699 ἀκρασία
923 617 1000 689 τοὺς
1018 610 1150 697 ἀνθρώ-

25 749 32 784 ι
146 741 229 796 πους
248 720 352 802 ἀγειν,
375 718 456 801 αὐτή
475 715 536 802 μέν
555 718 595 783 οὐ
614 720 752 784 δύναται
771 720 875 802 ἄγειν,
893 718 913 801 ή
933 716 963 783 δ’
983 717 1151 803 ἐγκράτεια

146 825 281 890 πάντων
303 821 438 907 μάλισθ’
461 823 604 906 ήδεσθαι
626 824 734 888 ποιεί.’
771 823 888 902 ’Πῶςί
911 825 982 907 ἔφη.
1024 820 1106 886 “’οτι
1129 822 1185 905 ή8

6 941 30 1001 ήι·
148 927 209 1014 μέν
228 926 368 1014 ἀκρασία
387 928 448 993 οὐκ
466 927 552 994 έῶσα
569 940 738 1014 καρτερεῖν
758 929 833 993 οὔτε
852 930 949 1012 λιμὸν
965 928 1040 992 οὔτε
1056 929 1151 1005 δίψος

15 1071 28 1117 τ.
149 1032 218 1100 οὔτ’
242 1033 438 1118 ἀγρυπνίαν,
458 1031 501 1097 δι’
525 1028 573 1098 ὧν
592 1037 704 1118 μόνων
723 1036 813 1098 ἔστιν
831 1030 935 1116 ἡδέως
953 1027 1014 1116 μέν
1031 1043 1150 1116 φαγεῖν

148 1164 182 1206 τε
205 1138 260 1206 καί
282 1151 383 1222 πιεῖν,
404 1138 509 1228 ήδέφς
532 1136 562 1203 δ’
586 1139 843 1204 ἀναπαύσασθαί
861 1161 897 1202 τε
919 1135 974 1204 καὶ
991 1143 1150 1221 κοιμηθη-

148 1270 216 1329 ναι,
232 1248 481 1330 περιμείναντας
499 1242 553 1309 καὶ
573 1243 828 1330 ἀνασχομένους,
847 1243 907 1320 ἕως
929 1242 971 1308 ἀν
988 1252 1089 1307 ταῦτα
1108 1242 1152 1318 ὡς

6 1393 25 1436 η
120 1358 123 1363 ’
151 1353 201 1416 ένι
223 1351 341 1433 ήδιστα
363 1348 507 1433 γένηται,
529 1351 648 1414 κωλύει
670 1361 740 1426 τοίς
762 1349 1028 1432 ἀναγκαιοτάτοις
1045 1370 1078 1412 τε
1097 1345 1151 1410 καὶ

6 1484 23 1534 ς,
151 1455 395 1541 συνεχεστάτοις
417 1454 596 1538 ἀξιολόγως
617 1456 770 1538 ήδεσθαι·
793 1454 813 1538 ή
833 1449 863 1519 δ’
880 1454 1048 1540 έγιιράτεια
1066 1455 1150 1536 μόνη

18 1601 22 1637 ς,
151 1571 291 1627 ποιοῦσα
308 1572 478 1644 καρτερεῖν
496 1561 536 1624 τά
554 1559 708 1644 εἰρημένα
731 1564 815 1644 μόνη
834 1558 888 1624 καλ
906 1560 1046 1642 ήδεσδαι
1064 1567 1154 1622 ποιεί

150 1665 246 1744 ἀξίως
269 1669 397 1750 μνήμης
415 1664 468 1730 ἐπὶ
489 1677 558 1742 τοῖς
575 1665 778 1752 είρημένοις.’
808 1662 1058 1746 ’Παντάπασινζ
1077 1665 1151 1748 ἔφη,

152 1771 272 1856 ἀληθῆ
300 1769 424 1854 λέγεις’
463 1767 575 1836 ε’ἀλλά
602 1773 668 1856 μήν
694 1782 754 1838 τοῦ
777 1777 897 1856 μαθεῖν
920 1795 950 1835 τι
972 1773 1074 1835 καλὸν
1096 1766 1184 1834 καλε
1301 1822 1304 1827 .

150 1875 280 1959 ἀγαθὸν
302 1875 356 1940 καὶ
378 1885 438 1942 τοῦ
461 1875 698 1960 έπιμεληθήναι
718 1887 784 1941 τῶν
803 1879 962 1942 τοιούτων
979 1878 1079 1957 τινός,
1102 1871 1147 1938 δι’

151 1977 198 2046 ὧν
217 1983 259 2047 ἀν
277 2004 325 2057 τις
342 1979 395 2046 καὶ
413 1984 450 2047 τὸ
470 1979 589 2047 ἑαυτοῦ
608 1993 700 2065 σῶμα
715 1987 820 2057 καλῶς
836 1982 1010 2064 διοικήσειε
1024 1981 1079 2044 καί
1092 1981 1151 2044 τὸν

151 2084 270 2150 ἑαυτοῦ
293 2081 385 2151 οἷκον
407 2091 513 2162 καλῶς
536 2088 761 2170 οἰκονομήσειε
783 2083 837 2150 καὶ
860 2089 968 2169 φίλοις
985 2082 1040 2149 καὶ
1057 2087 1151 2149 πόλει

152 2189 315 2277 ὠφέλιμος
337 2189 465 2273 γένοιτο
488 2189 542 2256 καὶ
566 2191 707 2276 ἐχθροὺς
730 2193 936 2278 κρατήσειεν,
962 2187 1020 2274 ἀφ’
1041 2182 1088 2254 ὧν
1110 2189 1151 2254 οὐ

150 2300 255 2380 μόνον
283 2294 452 2381 ὠφέλειαι,
480 2295 562 2361 ἀλλά
584 2296 639 2362 καὶ
660 2295 779 2380 ἡδοναί
801 2296 948 2381 μέγισται
970 2298 1151 2378 γίγνονται,

151 2404 185 2467 οί
210 2398 270 2486 μὲν
298 2400 461 2486 ἐγκρατεῖς
488 2400 691 2468 ἀπολαύουσι
718 2403 913 2488 πράττοντες
935 2400 1032 2483 αὐτά,
1062 2400 1097 2464 οί
1117 2396 1146 2463 δ’

151 2506 300 2591 ἀκρατεῖς
317 2507 454 2584 οὐδενὸς
472 2506 651 2592 μετέχουσι.
683 2516 727 2594 τῷ
743 2508 805 2591 γάρ
820 2506 862 2571 ἀν
876 2501 973 2590 ήττον
986 2507 1150 2590 φήσαιμεν
1173 2525 1204 2572 10

150 2613 393 2677 τῶντοιούτων
411 2615 589 2696 προσήκειν
607 2612 627 2696 ή
646 2607 672 2700 ᾧ
691 2609 794 2695 ήκιστ’
812 2611 915 2689 ἔξεστι
933 2621 1033 2703 ταῦτα
1051 2611 1151 2695 πράτ-

150 2739 231 2799 τειν,
249 2717 453 2806 κατεχομένῳ
472 2716 524 2782 ἐπὶ
543 2727 587 2806 τῷ
607 2718 802 2796 σπουδάζειν
819 2715 893 2802 περὶ
911 2717 967 2792 τὰς
985 2715 1151 2800 έγγυτάτω

150 2821 299 2904 ήδονάς;’
322 2821 376 2887 καί
400 2824 417 2889 ὁ
441 2823 650 2908 Εὐθύδημος·
675 2824 805 2902 ’Λοκείς
823 2823 902 2909 μοι’,
925 2827 998 2909 ἔφη,
1021 2819 1059 2890 Ἧι
1078 2826 1152 2889 Σώ-

150 2950 276 3011 κρατες,
298 2928 418 3012 λέγειν,
442 2930 486 3004 ὡς
508 2928 606 3014 ἀνδρί
627 2931 740 3014 ήττονι
763 2942 829 2996 τῶν
853 2932 907 2996 διὰ
925 2940 985 2996 τοῦ
1004 2931 1152 3014 σώματος

150 3032 282 3114 ήδονῶν
309 3033 443 3117 πάμπαν
472 3034 627 3118 οὐδεμιᾶς
654 3035 769 3121 ἀρετῆς
794 3037 972 3122 προσήκει.’
1012 3035 1070 3100 (Τί
1088 3037 1151 3120 γὰρ

152 3137 324 3223 διαφέρεί,
347 3141 425 3224 ἔφη,
450 3135 487 3204 εὦ
511 3140 707 3226 λλλθύδημε,
731 3143 907 3225 ἀνδρωπος
929 3140 1067 3227 ἀκρατής
1089 3147 1151 3225 θη-

152 3245 227 3326 ρίου
245 3253 305 3309 τοῦ
323 3242 567 3328 ἀμαθεστάτου;
592 3245 680 3322 ὅστις
703 3247 765 3330 γάρ
788 3247 827 3310 τά
850 3243 910 3330 μέν
933 3245 1086 3331 κράτιστα
1106 3246 1150 3330 μή

154 3359 283 3432 σκοπεῖ,
310 3349 349 3413 τά
376 3351 493 3433 ήδιστα
520 3347 551 3415 δ’
578 3349 613 3415 έκ
639 3354 761 3428 παντὸς
782 3354 906 3437 τρόπον
930 3353 1028 3434 ζητεῖ,
1055 3354 1090 3415 τί
1109 3350 1151 3416 ἀν

152 3451 304 3538 διαφέροι
334 3465 399 3518 τῶν
427 3453 678 3540 ἀφρονεστάτων
705 3455 937 3540 βοσκημάτων;
974 3452 1056 3520 ἀλλά
1084 3466 1152 3532 τοῖς
1171 3471 1202 3519 11

151 3557 320 3646 ἐγκρατέσι
338 3562 452 3643 μόνοις
471 3559 573 3638 ἔξεστι
592 3572 726 3626 σκοπεῖν
744 3562 784 3626 τά
799 3560 953 3647 κράτιστα
970 3571 1036 3626 τῶν
1049 3581 1151 3646 πραγ-

957 3664 993 3722 3,*
