2722 4028
523 209 570 262 XI.
590 209 773 267 ΞΕΝΟΦΩΝ,
1109 207 1152 272 33

148 366 212 450 ἐγὼ
235 368 297 452 γάρ
320 369 386 452 είμι
408 369 426 434 δ
449 365 504 432 καὶ
526 367 611 452 ὑμᾶς
629 367 729 444 αύτδις
747 365 871 456 σῴζων,
895 369 977 433 ὥστε
996 370 1075 453 μήτε
1093 362 1148 433 ὑπ’

148 473 336 558 ἀνθρώπων
365 470 562 538 κλέπτεσθαι
591 476 671 558 μήτε
700 473 765 540 ὑπὸ
796 475 907 540 λύκων
937 473 1152 560 ἁρπάζεσθαι·

149 576 219 643 ἐπεὶ
241 577 334 661 ὑμεῖς
355 573 401 661 γ’,
418 581 450 642 εί
471 580 515 664 μη
538 578 601 662 ἐγὼ
623 579 884 665 προφυλάττοιμι
902 579 997 664 ὑμᾶς,
1020 576 1092 646 οὐδ’
1111 579 1153 644 δν
1275 595 1279 602 “

148 681 307 767 νέμεσθαι
330 685 504 767 δύναισθε,
527 685 733 768 φοβούμεναι
756 686 799 768 μη
823 684 1024 769 άπόλησύε.”
1065 685 1152 750 οὕτω

148 790 189 872 δὴ
214 788 341 872 λέγεται
363 791 418 854 καλ
441 791 480 854 τὰ
502 793 650 874 πρόβατα
668 798 878 876 συγχωρῆσαι
895 791 954 855 τὸν
972 791 1055 855 κύνα
1073 811 1153 876 προ-

147 901 317 979 τιμᾶσθαι.
361 893 416 960 καὶ
445 899 486 961 σὺ
514 890 577 960 οὖν
606 893 746 972 ἐκείναις
773 893 862 977 λέγε,
887 895 937 960 ὅτι
960 892 1032 960 ἀντὶ
1054 897 1154 970 κυνὸς

149 997 180 1065 εί
201 999 306 1085 φύλαξ
330 998 385 1065 καλ
408 999 600 1084 ἐπιμελητὴς
622 997 678 1064 καλ
697 999 753 1064 διδ
771 995 808 1064 σλ
826 997 898 1065 οὐδ’
916 994 974 1084 ὑφ’
992 997 1065 1074 ἑνὸς
1082 998 1153 1064 ἀδι-

149 1107 306 1190 κούμεναι
336 1105 490 1191 ἀσφαλῶς
517 1129 552 1172 τε
581 1103 636 1170 καὶ
664 1103 767 1188 ἡδέως
795 1105 1006 1190 ἐργαζόμεναι
1034 1104 1152 1184 ζῶσιν.’

264 1369 319 1433 XI.
348 1368 497 1434 Socrates
521 1369 556 1434 in
579 1370 713 1434 summis
737 1367 830 1432 malis
855 1369 947 1434 docet
970 1391 1038 1434 esse

507 1465 797 1549 intemperantiam.

285 1593 421 1665 (Xenoph.
436 1610 548 1649 memor.
563 1595 602 1649 IV
613 1603 637 1663 ο,
648 1601 742 1649 1-12.
763 1595 796 1650 cf.
811 1594 878 1650 fasc.
893 1594 919 1648 11
932 1613 958 1664 p.
968 1597 1023 1665 41.)

210 1735 267 1814 Ὡς
284 1737 564 1822 πρακτικωτέρους
583 1737 685 1804 ἐποίει
704 1738 882 1823 Σωκράτης
899 1741 977 1815 τοὺς
995 1742 1154 1815 συνόντας
1173 1756 1187 1804 1

151 1841 274 1930 ἑαυτῷ,
301 1851 365 1907 νῦν
393 1837 435 1907 αὖ
458 1853 556 1908 τοῦτο
580 1841 670 1920 λέξω.
715 1846 857 1926 νομίζων
879 1844 942 1928 γδιρ
966 1842 1154 1928 ἐγκράτειαν

150 1947 311 2032 ὑπάρχειν
333 1944 463 2029 ἀγαθὸν
487 1943 572 2012 εἶναι
595 1958 639 2035 τῷ
664 1946 816 2033 μέλλοντι
839 1951 941 2013 καλόν
959 1973 990 2015 τι
1009 1947 1154 2034 πράξειν,

150 2064 283 2134 πρῶτον
307 2048 367 2135 μὲν
390 2053 488 2128 αὐτὸς
510 2055 652 2138 φανερὸς
673 2049 717 2136 ἦν
739 2066 807 2130 τοῖς
830 2062 988 2118 συνοῦσιν
1006 2055 1155 2138 ἠσκηκὼς

151 2159 254 2224 αὑτὸν
272 2158 411 2242 μάλιστα
428 2159 562 2224 πάντων
580 2159 780 2243 ἀνθρώπων,
799 2162 907 2224 ἔπειτα
925 2161 1155 2242 διαλεγόμενος

150 2261 366 2351 προετρέπετο
393 2263 527 2328 πάντων
555 2262 694 2346 μάλιστα
719 2265 796 2338 τοὺς
819 2265 979 2339 συνόντας
1000 2265 1081 2347 πρὸς
1103 2262 1155 2346 ἐγ-

150 2371 312 2454 κράτειαν.
358 2366 409 2433 ἀεὶ
423 2364 497 2452 ’μέν
524 2363 586 2434 οὖν
610 2365 686 2452 περὶ
709 2378 775 2432 τῶν
798 2369 880 2450 πρὸς
902 2366 1021 2451 ἀρετὴν
1044 2371 1189 2453 χρησίτ

151 2499 223 2558 μων
250 2474 348 2550 αὐτός
374 2497 409 2538 τε
433 2473 569 2539 διετέλει
593 2471 798 2558 μεμνημένος
820 2472 874 2538 καλ
897 2477 974 2550 τοὺς
996 2477 1156 2552 συνόντας

151 2581 275 2656 πάντας
300 2579 572 2664 ὑπομιμνήσκων·
619 2575 695 2644 οἶδα
719 2577 758 2643 δέ
778 2575 848 2644 ποτ’
873 2579 974 2643 αὐτὸν
997 2577 1051 2643 καὶ
1074 2582 1156 2665 πρὸς

152 2685 358 2768 Εὐθύδημον
376 2682 451 2770 περὶ
470 2683 657 2767 ἐγκρατείας
674 2685 785 2750 τοιάδε
804 2681 1030 2768 διαλεχθέντα·
1062 2684 1158 2750 Ἓίπέ

151 2788 233 2876 μοι’,
265 2793 343 2873 ἐφη,
378 2786 415 2854 Ἥ)
444 2789 626 2872 Εὐθύδημε
633 2838 643 2872 ,
675 2783 738 2873 ἆρα
766 2791 869 2854 καλὸν
897 2786 952 2853 καὶ
981 2794 1156 2872 μεγαλεῖον

151 2898 293 2980 νομίζεις
315 2890 400 2960 εἶναι
422 2893 477 2959 καὶ
500 2893 598 2980 ἀνδρὶ
620 2893 676 2959 καλ
698 2898 792 2960 πόλει
810 2901 915 2977 κτῆμα
933 2892 1154 2977 ἐλευθερίαν;’

152 2998 220 3077 Ὣς
249 2992 322 3066 οἷόν
351 2999 389 3066 τέ
416 3023 452 3082 γε
482 2999 644 3082 μάλιστα,
674 3002 745 3083 ἐφη.
793 2997 912 3074 “’οστις
940 2993 1001 3062 οὖν
1024 3001 1190 3083 ύρχεται3

151 3105 215 3172 ὑπὸ
242 3117 309 3170 τῶν
332 3106 387 3170 διδ
410 3115 473 3170 τού
492 3107 640 3189 σώματος
661 3105 793 3187 ἡδονῶν
815 3102 870 3168 καλ
893 3104 948 3168 διδι
971 3104 1089 3180 ταύτας
1111 3107 1155 3190 μὴ

153 3211 291 3275 δύναται
313 3210 524 3294 πράττειντὰ
542 3208 704 3293 βέλτιστα,
727 3211 869 3291 νομίζεις
886 3217 1005 3273 τοῦτον
1024 3207 1156 3274 ἐλεύθε-

152 3339 213 3397 ρον
243 3311 358 3394 ελναι;’
405 3311 586 3396 “Ἥκιστα’,
615 3316 686 3399 ἔφη.
734 3312 842 3389 Ἴσως
870 3315 933 3398 γὰρ
964 3312 1155 3398 ἐλευθέριον

150 3421 305 3504 φαίνεταί
330 3435 384 3484 σοι
411 3421 448 3484 τὸ
475 3418 630 3501 πράττειν
656 3419 695 3483 τά
722 3417 889 3503 βέλτιστα,
918 3414 987 3483 εἶτα
1008 3421 1045 3485 τὸ
1070 3423 1156 3505 ἔχειν

151 3527 228 3600 τοὺς
250 3525 457 3602 κωλύσοντας
479 3526 518 3590 τδι
541 3534 676 3590 τοιαῦτα
696 3535 804 3590 ποιεῖν
822 3523 1044 3608 ἀνελεύθερον
1062 3529 1156 3610 νομί-

203 3638 352 3688 Florilegium
367 3637 478 3679 Graecum
492 3639 557 3678 VIII.
981 3633 997 3681 3
