2722 4028
547 212 580 263 X.
599 211 782 268 ΞΕΝΟΦΩΝ.
1119 210 1161 274 29

154 371 357 454 καρίζουσιν.
403 369 421 434 ὁ
454 369 633 453 Σωκράτης
664 369 806 446 ἀκούσας
837 372 927 446 τινὸς
957 381 1024 435 τῶν
1054 373 1198 455 φίλωνῖ

157 471 327 556 λέγοντος,
350 474 395 551 ὡς
416 476 596 558 πολυτελὴς
617 475 637 558 ἡ
660 479 767 552 πόλις·
798 475 892 560 μνᾶς
914 475 932 542 ό
957 480 1037 552 Χῖος
1060 471 1162 552 οἶνος·

156 579 179 661 ἡ
202 580 358 664 πορφύρα
381 591 482 663 τριῶν
504 590 610 664 μνῶν·
646 591 706 645 τοῦ
729 579 858 664 μέλιτος
880 580 900 663 ἡ
923 583 1042 665 κοτύλη
1066 579 1162 646 πέντε

157 684 342 769 δραχμῶνύ
389 686 501 769 λαβὼν
537 685 640 750 αὐτὸν
675 688 862 772 προσήγαγε
899 697 967 763 τοῖς
999 685 1161 771 ἀλφίτοις·

157 787 313 874 ’Όβολοῦ
347 793 384 856 τὸ
416 790 586 875 ἡμίεκτον,
616 791 748 875 εύτελὴς
778 792 798 875 ἡ
830 791 952 868 πόλις·’
994 788 1063 857 εἶτα
1093 802 1163 867 ταῖς

158 893 295 970 ἐλαίαις·
319 894 429 961 ’δυοῖν
447 901 582 981 χαλκοῖν
600 895 620 979 ἡ
639 895 755 981 χοῖνιξ,
773 895 905 980 εύτελὴς
918 896 938 980 ἡ
952 897 1070 974 πόλις·’
1093 892 1162 961 εἶτα

157 1011 230 1076 ταῖς
247 998 393 1084 ἐξωμίσι·
416 997 506 1064 δέκα
526 1001 691 1084 δραχμῶν,
714 999 845 1084 εύτελὴς
862 1001 882 1083 ἡ
901 1001 1015 1077 πόλις.’
1040 1002 1162 1067 οὐκοῦν

159 1103 215 1169 καὶ
237 1105 340 1188 ἡμεῖς,
364 1105 443 1170 ὅταν
466 1104 659 1188 ἀκούσωμεν
682 1103 793 1190 ἕτίρου
816 1104 980 1189 λέγοντος,
1003 1107 1046 1182 ὡς
1063 1107 1162 1191 μικρά

158 1211 199 1274 τά
221 1208 299 1276 καθ’
320 1211 404 1294 ἡμᾶς
421 1210 594 1295 πράγματα
612 1209 666 1274 καὶ
685 1211 793 1295 λυπρά
812 1212 939 1295 δεινῶς,
962 1213 1005 1295 μὴ
1024 1211 1162 1275 ὑπατευ-

159 1318 267 1380 όντων
290 1311 373 1399 μηδὲ
397 1315 695 1399 ἐπιτροπευόντων,
721 1315 842 1392 ἔξεστιν
865 1318 982 1381 εἰπεῖν·
1019 1317 1162 1400 Λαμπρά

159 1421 200 1484 τά
222 1418 301 1485 καθ’
323 1421 407 1505 ἡμᾶς
428 1422 601 1506 πράγματα
623 1419 680 1496 καὶΙ
702 1423 841 1504 ζηλωτὸς
861 1421 954 1505 ἡμῶν
978 1422 995 1486 ὁ
1014 1425 1098 1505 βίος·
1121 1421 1162 1486 ού

159 1537 417 1611 προσαιτοῦμεν,
441 1527 502 1591 οὐκ
525 1525 794 1612 ἀχθοφοροῦμεν,
819 1527 859 1592 ού
881 1529 1111 1611 κολακεύομεν.

161 1806 200 1870 Χ.
229 1806 378 1871 Socrates
400 1806 626 1872 Aristarchum
649 1807 884 1873 adulesceniem
907 1809 1031 1892 edocet,
1055 1830 1163 1892 quem-

161 1903 333 1966 admodum
351 1925 486 1989 magnos
505 1908 652 1988 sumpius
672 1904 845 1968 familiares
864 1904 954 1968 nullo
969 1904 1162 1968 detrimento

520 2001 625 2084 possit
648 2021 802 2064 exercere.

280 2119 415 2190 (Xenoph.
434 2136 547 2176 memor.
566 2119 592 2174 ΙΙ
611 2126 635 2187 7,
655 2124 749 2173 1-14,
777 2118 811 2173 cf.
831 2117 898 2173 fasc.
917 2119 943 2171 II
960 2137 987 2188 p.
1002 2121 1056 2189 41.)

228 2263 253 2327 Ι.
284 2264 463 2348 Σωκράτης
488 2265 546 2339 τάς
572 2262 710 2348 ἀπορίας
736 2285 773 2345 γε
800 2273 866 2328 τῶν
894 2266 1001 2347 φίλων
1023 2264 1080 2340 τὰς
1102 2260 1197 2348 μὲυ1

162 2367 206 2432 δι’
232 2369 371 2451 ἀμνοιαν
399 2368 548 2453 ἐπειρᾶτο
572 2370 685 2453 γνώμη
709 2367 876 2451 ἀκεῖσθαι,
903 2368 960 2444 τάς
986 2364 1023 2432 δὲ
1046 2366 1089 2433 δι’
1112 2372 1164 2434 ἕν-

163 2475 257 2539 δειαν
281 2475 447 2539 διδάσκων
470 2475 550 2538 κατά
574 2475 716 2557 δύναμιν
734 2473 887 2556 ἀλληλοις
906 2472 1066 2557 ἐπαρκεῖν.
1100 2473 1163 2558 ἐρῶ

162 2575 201 2642 δὲ
228 2577 282 2644 καὶ
310 2579 347 2644 ἐν
374 2581 502 2656 τούτοις
524 2579 544 2644 ἀ
568 2580 707 2644 σύνοιδα
730 2579 827 2665 αύτῷ.
869 2576 1078 2664 Ἀρίσταρχον
1101 2580 1163 2664 γάρ

162 2705 241 2748 ποτε
260 2685 347 2768 ὁρῶν
366 2691 570 2769 σκυθρωπῶς
588 2687 716 2769 ἔχοντα·
748 2682 913 2767 “Ἕοικας’,
932 2686 1006 2768 ἔφη,
1027 2679 1064 2747 ‘0³2
1081 2681 1164 2769 Ἀρί-

162 2804 298 2874 σταρχε,
324 2789 450 2874 βαρέως
477 2788 592 2874 φέρειν
614 2813 654 2854 τι.
699 2791 761 2874 χρὴ
785 2785 822 2854 δὲ
844 2799 903 2854 τοῦ
926 2790 1049 2874 βάρους
1071 2813 1165 2874 μετα-

164 2895 297 2960 διδόναι
318 2907 388 2972 τοῖς
410 2899 531 2980 φίλοις·
556 2901 634 2971 λ’σως
656 2896 719 2982 γάρ
742 2896 784 2959 ἀν
802 2898 837 2959 τί
852 2911 888 2959 σε
906 2892 961 2959 καὶ
978 2895 1071 2979 ἡμεῖς
1087 2920 1164 2961 κου-

161 2999 340 3084 φίσαιμεν.’
386 2999 441 3065 καὶ
468 3001 486 3066 ὁ
510 2998 733 3086 Ἀρίσταρχος·
766 2997 878 3065 ”Am
901 2999 994 3083 μήν’,
1021 3003 1099 3084 ἔφη,
1127 2996 1200 3065 εὧν

164 3107 353 3190 Σώκρατες,
380 3105 416 3170 ἐν
443 3110 547 3190 πολλῇ
575 3103 606 3188 χ’
633 3103 700 3190 είμὶ
722 3104 850 3193 ἀπορίᾳ.
897 3102 966 3169 ἐπεὶ
988 3105 1050 3188 χάρ
1074 3104 1165 3170 ἐστα-

163 3213 277 3276 σίασεν
302 3211 323 3294 ἡ
350 3214 460 3294 πόλις,
490 3215 624 3276 πολλῶν
651 3213 826 3295 φυγόντων
853 3211 900 3287 είς
926 3212 984 3275 τὸν
1012 3214 1165 3296 Πειραιᾶ,

164 3317 429 3399 συνεληλύθασιν
452 3315 496 3392 ῶς
518 3311 575 3399 ἐμὲ
597 3312 883 3400 καταλελειμμέναι
901 3313 1045 3400 ἀδελφαί
1059 3339 1092 3380 τε
1111 3315 1166 3381 καί

163 3419 340 3504 ἀδελφιδαῖ
355 3419 409 3486 καὶ
428 3418 560 3500 ἀνεψιαὶ
577 3432 746 3504 τοσαῦται,
768 3417 843 3486 ὥστ’
861 3416 947 3486 εἶναι
966 3421 1002 3486 ἐν
1020 3429 1058 3505 τῇ
1078 3423 1166 3508 οίιιίηι

162 3523 313 3612 τέτταρας
341 3525 396 3591 καὶ
426 3525 504 3592 δέκα
531 3529 609 3604 τοὺς
639 3525 844 3614 ἐλευθέρους.
890 3527 1101 3611 λαμβάνομεν
1131 3523 1161 3592 δ’
