2722 4028
477 198 547 248 XIV.
567 197 824 250 ΠΛΟΥΤΑΡΧΟΣ.
1117 197 1161 260 45

158 356 307 435 χαλεπῶς
326 350 363 418 δέ
380 357 462 440 πρὸς
480 359 556 432 τοὺς
565 353 764 440 Ἀθηναίους
782 359 854 442 ἔσχε
875 358 930 422 διὰ
948 359 1025 434 τοὺς
1042 361 1162 440 λόγους
1180 375 1196 420 2

159 461 287 540 μᾶλλον
314 459 334 542 ή
363 461 418 528 διά
445 462 485 525 τά
508 463 600 546 ἔργα·
630 471 737 538 κακῶς
759 463 822 547 γάρ
846 461 948 528 αὐτὸν
971 465 1085 545 ἔλεγον
1107 460 1162 527 καὶ

158 563 221 646 τήν
249 563 424 630 Μετέλλαν
456 565 687 650 ἀναπηδῶντες
718 564 771 630 ἐπὶ
801 567 841 632 τά
873 571 961 652 τείχη
994 565 1048 632 καὶ
1080 569 1162 632 σκώ-

157 689 308 746 πτοντες·

205 773 411 860 “Συκάμιυον
432 775 504 842 ἔσθ’
527 777 545 843 ὁ
568 779 716 860 Σύλλας,
739 776 864 866 ἀλφίτφ
887 777 1118 862 πεπασμένον’,

158 878 215 944 καὶ
244 891 378 948 τοιαῦτα
405 883 511 948 πολλά
538 887 764 968 φλυαροῦντες
790 882 1013 949 ἐπεσπάσαντο
1041 907 1162 967 κουφο-

158 986 259 1051 τάτου
282 987 481 1072 πράγματος,
506 977 628 1072 λόγων,
651 990 695 1065 ὥς
716 1005 819 1073 φησιν
842 989 860 1054 δ
884 989 1039 1071 Πλάτων,
1061 992 1162 1072 βαρυ-

158 1091 260 1174 τάτην
302 1095 425 1176 ζημίαν.
482 1094 549 1177 Τήν
589 1090 625 1158 δέ
661 1091 828 1177 Ῥωμαίων
864 1096 962 1158 πόλιν
999 1092 1196 1158 έκώλυσεν3

160 1194 341 1282 ἐλευθέραν
368 1199 525 1282 γενέσθαι
548 1197 707 1284 Νέρωνος
733 1198 977 1281 ἀπαλλαγεῖσαν
1004 1196 1078 1275 ἑνὸς
1105 1197 1162 1262 ἀν-

160 1303 240 1384 δρὸς
266 1301 450 1388 ἀδολεσχία.
495 1307 553 1388 μία
580 1305 642 1388 γάρ
670 1299 712 1388 ήν
739 1302 815 1386 νύξ,
843 1300 918 1387 μεθ’
945 1303 988 1386 ἣν
1014 1304 1081 1367 ἔδει
1103 1305 1161 1368 τὸν

158 1408 327 1490 τύραννον
354 1407 574 1492 ἀπολωλέναι,
601 1407 916 1492 παρεσκευασμένων
944 1407 1110 1474 ἀπάντων·
1143 1407 1161 1473 δ

160 1509 198 1576 δὲ
222 1511 351 1595 μέλλων
374 1511 475 1578 αὐτὸν
499 1513 746 1596 ἀποκτιννύναι,
770 1515 992 1597 πορευόμενος
1014 1514 1061 1588 είς
1083 1510 1162 1576 θέα-

159 1641 256 1701 τρον,
285 1619 367 1682 ίδών
389 1641 464 1682 τινα
486 1630 552 1683 τῶν
575 1617 760 1703 δεδεμένων
782 1617 835 1684 ἐπὶ
857 1620 978 1703 θύραις
1001 1615 1162 1702 μέλλοντα

92 1727 97 1738 “
161 1723 390 1806 προσάγεσθαι
413 1721 547 1808 Νέρωνι
573 1722 628 1788 καὶ
655 1725 716 1808 τήν
744 1724 846 1790 αὑτοῦ
873 1725 976 1808 τύχην
999 1723 1162 1813 ἀποδυρό-

161 1851 263 1910 μενον
299 1827 396 1911 έγγὺς
435 1833 626 1912 προσῆλθεν
662 1830 750 1916 αὐτῷ
790 1827 845 1894 καὶ
880 1832 1161 1914 προσψιθυρίσας·

162 1933 310 2018 Ἐύχου’,
341 1938 459 2018 φησίν,
492 1929 533 1997 ‘0³2
567 1935 739 2018 ἀνθρωπε,
769 1935 830 2018 τήν
863 1938 1006 2018 σήμερον
1037 1932 1162 2016 ἡμέραν

160 2043 341 2123 παρελθεῖν
369 2042 488 2122 μόνον,
518 2039 636 2125 αύριον
659 2037 699 2103 δέ
718 2063 774 2122 μοι
797 2038 1059 2125 εύχαριστήσεις.’
1105 2037 1162 2122 ἀρ-

161 2144 268 2220 πάσας
290 2138 351 2208 οὖν
374 2147 411 2210 τὸ
435 2141 586 2230 αίνιχθδν
610 2143 733 2220 ἐκεῖνος
755 2142 810 2208 καὶ
832 2147 964 2228 νοήσας,
987 2140 1089 2227 οἶμαι,
1112 2142 1162 2208 ὅτι

227 2247 384 2331 (Νήσιος,
408 2248 444 2325 ὃς
466 2249 505 2314 τά
528 2248 640 2332 ἕτοιμα
663 2250 768 2314 λιπὼν
791 2247 945 2332 ἀνέτοιμα
968 2247 1102 2330 διώκεί,

161 2355 222 2436 τήν
246 2351 458 2437 βεβαιοτέραν
480 2353 584 2418 είλετο
608 2356 771 2438 σωτηρίαν
794 2356 857 2435 πρὸ
876 2354 933 2436 τής
951 2352 1162 2438 δικαιοτέρας.

162 2458 305 2543 ἐμήνυσε
332 2459 395 2543 γάρ
421 2466 466 2545 τῷ
490 2457 623 2543 Νέρωνι
650 2460 711 2542 τήν
738 2460 854 2541 φωνήν
881 2467 940 2524 τοῦ
968 2457 1161 2546 ἀνθρώπου·

162 2563 312 2640 κάκεῖνος
339 2564 442 2639 εὐθὺς
469 2562 672 2648 ἀνήρπαστο,
701 2561 755 2627 καί
782 2563 921 2646 βάσανοι
943 2561 997 2627 καὶ
1019 2573 1085 2648 πῦρ
1107 2561 1162 2628 καὶ

163 2670 315 2753 μάστιγες
342 2665 392 2732 ἐπ’
415 2667 516 2733 αὐτὸν
538 2667 745 2752 ἀρνούμενον
767 2669 848 2752 πρὸς
871 2669 931 2751 τήν
953 2667 1115 2751 ἀνάγκην,
1142 2667 1163 2732 ἀ

162 2772 262 2858 χωρὶς
284 2772 427 2856 ἀνάγκης
449 2773 621 2857 ἐμήνυσεν.

225 2875 273 2941 Ἡ
294 2875 461 2962 Ῥωμαίων
498 2879 676 2962 σύγκλητος
713 2875 900 2962 ἀπόρρητόν
932 2900 1005 2943 τινα
1037 2881 1198 2963 βουλήν4

163 2983 355 3067 ἐβουλεύετο
382 2981 459 3048 καθ’
486 2984 589 3067 αὑτήν
612 2981 665 3048 ἐπὶ
687 2984 809 3058 πολλάς
830 2981 963 3068 ἡμέρας·
1000 2983 1161 3069 ἀσάφειαν

163 3084 201 3153 δέ
223 3089 349 3171 πολλήν
372 3087 426 3153 καὶ
448 3087 608 3154 ὑπόνοιαν
632 3091 762 3173 ἔχοντος
780 3097 839 3152 τοῦ
856 3088 1054 3172 πράγματος,
1077 3092 1161 3174 γυνή

162 3195 264 3258 τάλλα
288 3194 441 3277 σώφρων,
466 3194 551 3277 γυνή
575 3191 623 3276 δέ,
645 3190 835 3278 προσέκειτο
857 3201 902 3280 τῷ
927 3190 1042 3276 ἑαυτῆς
1064 3193 1162 3280 ἀνδρὶ

165 3305 309 3384 λιπαρῶς
329 3296 467 3382 δεομένη
486 3295 655 3364 πυθέσθαι
673 3301 710 3364 τὸ
729 3298 927 3383 ἀπόρρητον
952 3299 1044 3383 ὅρκοι
1058 3295 1095 3364 δὲ
1108 3298 1163 3364 καὶ

162 3405 301 3490 κατάραι
328 3401 402 3489 περὶ
430 3412 553 3485 σιωπῆς
580 3403 749 3486 ἐγίγνοντο
781 3403 835 3468 καὶ
867 3405 994 3489 δάκρυα
1024 3426 1162 3469 ποτνιω-

162 3507 263 3594 μένης
290 3509 389 3592 αύτής
416 3508 460 3584 ὡς
485 3512 596 3574 πίστιν
624 3509 685 3574 οὐκ
712 3508 857 3594 ἐχούσης.
902 3509 920 3575 ὁ
949 3506 986 3574 δέ
1007 3506 1162 3594 Ῥωμαῖος
