2722 4028
588 175 645 225 xv.
665 150 825 226 nisisi.

529 400 600 466 XV.
628 401 677 465 De
701 405 873 466 senectute.

290 520 408 590 (Pleion.
428 521 463 574 de
480 536 537 590 rep.
556 521 570 574 I
586 538 614 589 p.
629 520 834 576 sem-3291).
863 519 897 575 cf.
917 521 984 576 sese.
1002 521 1028 574 11
1045 539 1073 592 p.
1088 523 1124 588 3.)

276 643 330 711 (Ad
348 649 363 708 ὅ
380 649 407 698 1:
437 642 541 696 Glauco
560 645 589 696 et
606 641 774 698 Adimantus
793 645 858 696 suni
875 643 976 697 fraires
995 641 1133 709 Platonis,
1154 642 1205 697 Oe-

204 713 306 782 phelus
329 715 410 781 pater
428 712 542 781 Lysiae,
566 713 684 766 oratoris
706 711 883 768 nobilissimi.
903 745 936 754 —
953 713 1026 781 Dee,
1050 729 1135 781 quem
1153 712 1206 768 So-

206 785 297 836 crates
317 799 346 836 se
365 783 484 836 coluisse
503 782 580 848 dieis,
599 785 643 836 est
660 782 772 851 Bendis,
792 782 870 837 euius
888 782 962 836 fests
976 785 1125 838 Βενδίδειιι
1143 785 1206 836 λειω

204 853 325 922 primum
351 869 365 906 e
390 852 509 907 Thracia
534 853 660 906 Athenas
686 853 775 907 allate
801 856 872 908 sunt.
909 853 953 906 Ad
978 860 993 919 ξ
1014 859 1044 910 8:
1077 852 1206 921 Respicit

204 923 403 978 Polemerchus
422 923 459 976 ed
476 922 655 977 notissimum
672 923 860 992 proverbium:
880 918 940 989 ἧλιξ
956 921 1039 992 ἥλικα
1053 921 1166 994 τέρπει.)

171 1081 186 1128 1
233 1123 240 1148 ,
272 1065 423 1150 Κατέβην
454 1063 533 1150 χθὲς
565 1069 610 1142 είς
639 1071 780 1152 Πειραιᾶ
812 1067 890 1149 μετδι
917 1069 1113 1143 Γλαύκωνος
1144 1076 1205 1132 τοῦ

202 1167 412 1255 Ἀρίστωνος,
443 1171 703 1256 προσευξόμενός
734 1195 768 1236 τε
799 1180 837 1256 τῇ
869 1177 938 1259 θεῷ
969 1170 1024 1237 καί
1051 1172 1117 1254 άμα
1143 1173 1204 1254 τὴν

207 1273 323 1360 ἑορτὴν
342 1279 542 1360 βουλόμενος
559 1277 746 1340 θεάσασθαι
764 1280 837 1341 τίνα
854 1279 978 1361 τρόπον
996 1280 1205 1360 ποιήσουσιν,

206 1382 262 1445 άτε
290 1390 353 1446 νύν
382 1391 512 1466 πρῶτον
542 1381 686 1463 άμοντες.
730 1381 813 1463 καλὴ
841 1376 901 1463 μὲν
929 1375 991 1446 οὖν
1018 1405 1074 1464 μοι
1100 1379 1155 1446 καὶ
1182 1382 1203 1465 ἡ

205 1495 271 1550 τῶν
299 1485 481 1571 ἐπιχωρίων
507 1487 618 1568 πομπὴ
644 1484 756 1563 ἔδοξεν
779 1482 880 1568 εἶναι,
908 1485 948 1551 οὐ
971 1483 1082 1570 μέντοι
1105 1483 1203 1570 ἧττον

207 1591 358 1676 ἐφαίνετο
386 1589 522 1676 πρέπειν
548 1590 591 1672 ἣν
618 1591 653 1654 οί
676 1594 801 1676 Θρᾷκες
828 1593 979 1674 ἔπεμπον.
1024 1592 1203 1673 προσευξά-

206 1719 300 1779 μενοι
323 1692 360 1760 δέ
383 1693 437 1759 καὶ
459 1697 687 1778 θεωρήσαντες
705 1693 831 1779 ἀπῇμεν
849 1698 930 1780 πρὸς
947 1699 984 1762 τὸ
1003 1698 1092 1762 άστυ.
1128 1722 1203 1764 κατ-

207 1802 288 1866 ιδὼν
320 1795 381 1865 οὖν
407 1802 583 1884 πόρρωθεν
609 1799 693 1882 ἡμᾶς
719 1801 830 1865 οίκαδε
858 1799 1070 1884 ὡρμημένους
1097 1802 1203 1867 Πολέ-

207 1929 328 1992 μαρχος
364 1907 381 1972 ὁ
418 1904 574 1989 Κεφάλου
615 1903 764 1970 ἐκέλευσε
805 1907 970 1989 δραμόντα
1008 1910 1066 1972 τὸν
1102 1910 1204 1974 παῖδα

161 2029 188 2074 ε
207 2015 393 2096 περιμεῖναί
413 2008 429 2075 ἑ
450 2015 609 2076 κελεύσαι.
645 2013 703 2074 καί
722 2033 786 2094 μου
810 2012 948 2076 ὄπισθεν
972 2012 990 2077 ὁ
1012 2024 1088 2088 παῖς
1105 2016 1204 2096 λαβό-

207 2139 305 2200 μενος
326 2126 385 2180 τοῦ
409 2116 539 2198 ἱματίου
567 2115 715 2180 Ἵίελεύει
737 2114 844 2198 ὑμᾶς’,
871 2119 949 2200 ἔφη,
979 2115 1204 2203 ’Πολέμαρχος

206 2220 410 2308 περιμεῖναι.’
433 2219 499 2285 Καὶ
518 2220 580 2303 ἐγὼ
599 2221 822 2305 μετεστράφην
840 2244 873 2285 τε
892 2220 946 2286 καλ
962 2223 1102 2306 ἠρόμην,
1119 2223 1203 2288 ὅπου

207 2329 304 2404 αὐτὸς
325 2333 385 2410 είη.
426 2323 569 2408 Ὀὗτοςζ
591 2328 665 2410 ἔφη,
689 2325 840 2390 ‘emesae
862 2325 1088 2411 προσέρχεται·
1120 2326 1204 2392 άλλδι

207 2430 414 2518 περιμένετε.’
446 2429 557 2495 “Ἀλλὰ
575 2429 836 2516 περιμενοῦμεν’,
854 2427 874 2514 ἦ
894 2428 925 2496 δ’
943 2431 979 2508 δς
997 2433 1014 2498 ὁ
1034 2434 1203 2498 Γλαύκων.

207 2535 262 2603 καὶ
285 2538 385 2626 ὀλίγῳ
407 2537 546 2621 ὕστερον
569 2537 587 2600 ὅ
609 2559 643 2600 τε
662 2535 876 2621 Πολέμαρχος
893 2532 950 2620 ἧκε
968 2536 1022 2602 καὶ
1035 2536 1204 2622 Ἀδείμαν-

207 2668 262 2720 τος
285 2644 302 2710 ὁ
324 2654 384 2708 τοῦ
397 2643 595 2718 Γλαύκωνος
617 2640 759 2726 ἀδελφὸς
776 2639 830 2706 καὶ
843 2645 1030 2726 Νικήρατος
1049 2643 1066 2710 ὁ
1080 2647 1204 2709 Νικίου

169 2747 262 2814 3καὶ
290 2750 384 2814 άλλοι
413 2746 514 2830 τινές,
546 2747 590 2823 ὡς
617 2745 680 2812 άπὸ
707 2754 763 2829 τῆς
789 2758 926 2831 πομπῆς.
971 2743 1075 2813 ὁοῦν
1098 2748 1203 2813 Πολέ-

207 2877 329 2940 μαρχος
360 2857 434 2940 ἔφη·
468 2847 520 2916 ’Ὠ
548 2853 735 2937 Σώκρατες,
767 2850 894 2917 δοκεῖτέ
922 2875 978 2936 μοι
1009 2855 1091 2938 πρὸς
1121 2855 1204 2919 ᾶστυ

208 2959 381 3043 ὡρμῆσθαι
403 2959 447 3034 δις
469 2957 639 3033 άπιόντες.’
677 2956 740 3020 ’ού
762 2957 825 3041 γάρ
848 2969 954 3034 κακῶς
972 2956 1138 3041 δοξάζεις,
1160 2955 1204 3042 ἦν

207 3061 239 3128 δ’
263 3062 335 3146 ἐγώ.
381 3062 489 3148 Ὅρᾷς
510 3057 572 3128 οὖν
594 3061 701 3146 ἡμᾶς’,
728 3043 806 3147 ἔφή,
834 3061 918 3128 εὅσοι
942 3060 1066 3146 ίσμέν;’
1112 3063 1204 3141 εΠᾶς

205 3171 268 3255 γάρ
292 3167 355 3246 ού;’
396 3165 460 3230 *Ἢ
472 3170 586 3233 τοίνυν
603 3167 752 3250 τούτων’,
775 3169 849 3252 ἔφη,
872 3166 1048 3252 εκρείττους
1065 3166 1203 3251 γένεσθε

205 3275 226 3359 ἢ
248 3271 353 3359 μένετ’
376 3272 497 3338 αύτού.’
535 3272 703 3355 “οὐκοῦν’,
726 3268 768 3356 ην
792 3269 822 3336 δ’
845 3270 919 3355 eye,
943 3271 1001 3337 ”έτι
1024 3271 1204 3339 έλλείπεται

205 3383 242 3446 τὸ
266 3378 307 3463 ἣν
329 3381 491 3463 πείσωμεν
515 3379 610 3463 ὑμᾶς,
633 3378 676 3454 ὡς
693 3380 755 3464 χρὴ
773 3377 858 3462 ἡμᾶς
875 3377 1034 3462 άφείναι;’
1073 3373 1136 3460 ’ᾟ
1148 3378 1203 3444 καί

206 3481 361 3549 δύναισθ’
384 3483 449 3569 ἄν’,
471 3480 491 3568 ἦ
515 3483 543 3548 δ’
568 3483 615 3567 ὅς,
638 3484 758 3549 πεῖσαι
781 3485 825 3567 μη
845 3483 1050 3564 άκούοντας;’
1082 3484 1203 3549 Ὀὐδα-
