2722 4028
483 209 556 261 VIII.
574 209 832 263 ΠΔΟΤΤΑΡΧΟΣ.
1118 207 1161 271 25

158 371 225 426 τῶν
247 361 412 447 ἀκινήτων
433 369 528 450 βίων,
551 366 595 443 ὡς
617 369 735 450 ἔοικεν,
758 369 802 432 ἀν
823 391 854 432 τι
872 371 1033 452 χρήσιμον
1053 369 1162 451 ἔχωσι,

158 471 354 552 φθείρονται
376 468 430 535 καὶ
452 470 741 556 ἀπογηράσκουσιν
759 473 796 537 αλ
812 474 977 558 σύμφυτοι
996 473 1160 556 δυνάμεις.

224 577 324 638 Λοκῦ
352 571 381 639 δ’
409 575 473 658 ε’γδι
496 574 610 642 καὶτὸ
635 580 691 660 ζήν
714 576 869 643 αὐτὸκαὶ
891 578 975 654 ὅλως
997 579 1033 642 τὸ
1058 585 1198 660 φῦναιε

158 675 213 742 καὶ
253 687 426 762 μετασχεῖν
460 677 626 766 ἀνθρώπῳ
663 680 820 763 γενέσεως
856 681 903 755 εἰς
938 690 1063 763 γνῶσιν
1096 681 1161 747 ὑπὸ

157 787 243 847 θεοῦ
273 785 430 867 δοθήναι·
463 787 531 849 ἔστι
560 781 591 849 δ’
620 786 742 868 ἀδηλος
770 783 825 850 καλ
855 787 1022 868 ἀγνωστος
1051 785 1088 851 έν
1115 797 1161 874 τῷ

157 887 256 952 παντὶ
277 894 387 977 πολλςῦ
411 887 465 954 καὶ
487 890 568 954 κατὰ
586 891 685 974 μικρά
703 887 758 954 καλ
777 891 948 974 σποράδην
965 895 1161 976 φερόμενος·

159 993 238 1058 ὅταν
262 990 299 1058 δὲ
321 992 454 1078 γένηται
473 998 713 1080 συνερχόμενος
731 995 819 1081 αὑτῷ
837 993 891 1059 καί
910 996 1088 1080 λαμβάνων
1106 995 1161 1081 μέ-

158 1105 272 1182 γεθος,
299 1098 454 1184 ἐκλάμπει
481 1097 535 1164 καὶ
563 1102 758 1165 καθίσταται
780 1101 880 1182 δῆλος
902 1098 934 1178 ἐξ
958 1099 1083 1183 ἀδήλου
1106 1099 1161 1166 καὶ

158 1207 300 1290 φανερὸς
323 1203 356 1282 ἐξ
380 1204 537 1290 ἀφανοῦς.
574 1205 592 1270 ὁ
615 1203 645 1269 δ’
668 1207 715 1281 είς
736 1206 797 1288 τήν
820 1207 958 1288 ἀγνοιαν
981 1206 1083 1270 αὑτὸν
1107 1205 1161 1290 έμ-

158 1311 269 1393 βαλὼν
304 1308 359 1374 καὶ
391 1313 506 1385 σκότος
537 1313 854 1394 περιαμπισχόμενος
884 1308 940 1374 καὶ
970 1321 1162 1396 κενοταφῶν

158 1417 216 1480 τὸν
245 1418 321 1498 βίον
350 1417 458 1481 ἔοικεν
489 1414 592 1498 αὐτήν
621 1416 827 1499 βαρύνεσθαι
856 1417 917 1499 τήν
946 1414 1076 1499 γένεσιν
1105 1414 1162 1481 καὶ

158 1519 310 1585 ἀπαυδᾶν
332 1523 414 1606 πρὸς
435 1523 472 1586 τὸ
495 1516 589 1585 εἶναι.

201 1783 293 1848 VIII.
321 1781 468 1866 Aequam
490 1788 652 1848 memento
675 1784 772 1849 rebus
795 1784 830 1848 in
853 1785 961 1849 arduis
985 1806 1111 1850 servare

543 1884 686 1944 mentem
708 1884 769 1946 ete.

316 2007 467 2076 (Plutarch.
488 2009 522 2062 δε
541 2008 751 2076 tranquillitate
770 2007 858 2062 animi
876 2025 899 2064 ο.
914 2013 939 2064 ῦ.
959 2010 995 2077 6.)

224 2153 351 2236 Κυβείᾳ
378 2151 396 2217 ὁ
419 2151 562 2217 Πλάτων
588 2153 647 2217 τὸν
674 2154 749 2235 βίον
777 2150 967 2234 ἀπείκασεν,
997 2149 1033 2215 ἐν
1056 2143 1082 2238 ᾧ
1105 2148 1194 2215 καλε

157 2257 292 2341 βάλλειν
315 2258 370 2322 δεῖ
388 2257 428 2321 τά
450 2259 624 2341 πρόσφορα
645 2255 700 2321 καὶ
723 2259 866 2340 βαλόντα
888 2262 1032 2341 χρῆσθαι
1053 2260 1160 2332 καλῶς

157 2373 227 2438 τοῖς
248 2371 393 2427 πεσοῦσι.
424 2363 551 2427 τούτων
575 2357 612 2426 δέ
634 2363 670 2426 τὸ
690 2357 750 2444 μὲν
768 2361 903 2444 βάλλειν
922 2361 983 2424 οὐκ
1001 2357 1051 2444 ἐφ’
1069 2360 1161 2444 ήμῑν,
1201 2394 1206 2412 x

157 2469 194 2532 τὸ
224 2463 262 2531 δὲ
290 2470 521 2551 προσηκόντως
550 2465 705 2552 δέχεσθαι
734 2467 773 2531 τά
802 2468 961 2549 γινόμενα
989 2466 1077 2549 παρά
1104 2474 1160 2548 τῆς

157 2574 256 2657 τύχης
281 2571 336 2636 καὶ
363 2571 476 2656 νέμειν
499 2570 622 2661 ἑκάστω
645 2574 762 2655 τόπον,
790 2570 827 2636 ἐν
850 2564 876 2658 ᾧ
900 2567 1014 2636 καὶτὸ
1038 2573 1160 2637 οἰκεῖον

159 2677 321 2762 ὠφελήσει
350 2678 488 2760 μάλιστα
517 2676 572 2742 καὶ
601 2679 637 2742 τὸ
666 2675 851 2760 ἀβούλητον
878 2676 994 2759 ήκιστα
1021 2679 1160 2760 λυπήσει

157 2784 235 2858 τοὺς
267 2780 556 2866 ἐπιτυγχάνοντας,
591 2781 750 2866 ἡμέτερον
782 2784 880 2866 ἔργον
912 2780 1017 2864 ἐστίν,
1048 2780 1090 2845 ἀν
1121 2775 1159 2846 εὖ

157 2897 342 2972 φρονοῦμεν.
382 2890 459 2964 τοὺς
481 2883 541 2971 μὲν
564 2888 626 2971 γάρ
650 2884 804 2971 ἀτέχνους
826 2884 881 2951 καὶ
903 2885 1064 2968 ἀνοήτους
1084 2884 1160 2972 περὶ
1178 2903 1197 2950 κ

157 2997 216 3060 τὸν
234 2997 322 3078 βίον,
341 2993 448 3076 ὥσπερ
466 2995 543 3068 τοὺς
560 2993 719 3068 νοσώδεις
736 3003 804 3068 τοῖς
818 2993 944 3074 σώμασι
958 2992 1037 3075 μήτε
1050 3001 1160 3075 καῦμα

157 3098 272 3184 φέρειν
299 3099 377 3182 μήτε
400 3098 499 3182 κρύος
522 3094 742 3180 δυναμένους,
770 3095 911 3180 ἐξίστησι
933 3093 994 3179 μὲν
1016 3096 1160 3180 εὐτυχία,

159 3203 327 3270 συστέλλει
345 3197 382 3268 δὲ
401 3204 572 3287 δυστυχία·
595 3202 806 3287 ταράττονται
825 3197 862 3266 δὲ
880 3197 937 3265 ὑπ’
953 3198 1160 3286 ἀμφοτέρων,

158 3313 284 3393 μᾶλλον
312 3305 349 3372 δὲ
374 3304 433 3392 ὑφ’
460 3307 570 3372 αὑτῶν
597 3307 634 3372 έν
662 3305 874 3392 ἀμφοτέροις,
901 3304 955 3370 καὶ
978 3305 1038 3390 ούχ
1061 3300 1160 3389 ήττον

158 3414 195 3480 ἐν
217 3425 285 3490 τοῖς
307 3412 495 3497 λεγομένοις
513 3412 660 3496 ἀγαθοῖς.
694 3413 866 3497 Θεόδωρος
883 3408 944 3496 μὲν
962 3411 1025 3497 γάρ
1045 3412 1062 3477 ὁ
1081 3416 1158 3495 κλη-
1177 3429 1193 3476 3

156 3518 230 3596 θείς
252 3521 352 3595 ἀθεος
374 3522 475 3602 έλεγε,
497 3526 536 3602 πή
560 3517 651 3605 δεξιᾷ
672 3519 750 3593 τούς
772 3519 892 3599 λόγους
909 3515 1082 3602 ὀρέγοντος
1100 3517 1158 3581 αύ
