2722 4028
230 143 274 206 64
602 147 674 199 x1x.
694 145 853 200 ΠΛΑΤΩΝ.

230 300 285 366 καὶ
304 303 343 368 τά
361 305 549 387 παθήματα,
568 303 588 368 ἀ
608 305 663 368 διά
681 305 741 387 τήν
756 302 963 386 ἐπιτήδευσιν
977 301 1114 369 ἑκάστου
1128 303 1247 387 πράγ-

179 425 210 472 11
230 432 329 492 ματος
352 411 446 493 ἔσχεν
464 408 500 472 ἐν
518 417 556 493 τῇ
575 419 663 494 ψυχή
683 410 700 475 ὁ
720 410 905 490 ἄνθρωπος.
933 408 1066 475 ἐπειδάν
1080 403 1141 474 οὖν
1154 406 1246 491 ἀφί-

229 537 350 579 κωνται
373 515 459 597 παρὰ
483 515 541 579 τὸν
565 515 733 597 δικαστήν,
756 515 791 579 οί
811 510 871 597 μὲν
894 515 930 579 ἐκ
947 524 1003 598 τῆς
1017 511 1125 590 Ἀσίας
1142 514 1245 598 παρὰ

229 621 289 684 τὸν
310 617 557 702 Ῥαδάμανθυν,
592 619 610 684 ὀ
632 617 861 703 Ῥαδάμανθυς
888 620 1032 696 ἐκείνους
1059 619 1244 702 ἐπιστήσας

229 731 347 788 θεᾶται
367 722 505 788 ἑκάστου
523 725 584 807 τήν
602 727 724 810 ψυχήν,
743 724 804 789 οὐκ
822 727 918 801 εἰδὼς
937 725 1014 790 ὅτου
1030 723 1129 806 ἐστίν,
1147 721 1242 788 ἀλλά

230 828 386 904 πολλάκις
408 838 468 893 τοῦ
491 829 637 911 μεγάλου
660 828 819 913 βασιλέως
838 829 1071 914 ἐπιλαβόμενος
1088 829 1109 912 ή
1127 830 1240 894 ἀλλον
1310 869 1311 920 η

231 934 372 999 ὁτουοῦν
401 931 559 1017 βασιλέως
588 933 608 1018 ή
638 935 804 1000 δυνάστου
833 936 981 1000 κατεῖδεν
1012 931 1111 1001 οὐδὲν
1140 931 1240 1017 ὑγιὲς
1310 923 1311 928 ¹

181 1055 212 1102 12
232 1038 271 1102 ὃν
302 1046 360 1120 τῆς
390 1048 512 1122 ψυχῆς,
544 1038 626 1104 ἀλλά
660 1039 1005 1123 διαμεμαστιγωμένην
1036 1038 1091 1104 καὶ
1122 1039 1238 1105 οὐλῶν
1311 1109 1312 1112 ¹

232 1143 354 1226 μεστήν
375 1141 440 1208 ὑπὸ
464 1143 639 1226 ἐπιορκιῶν
662 1142 717 1208 καὶ
740 1143 878 1226 ἀδικίας,
900 1144 920 1210 ἀ
944 1142 1060 1229 ἑκάστη
1079 1145 1099 1252 ή
1117 1144 1237 1227 πρᾶξις

233 1247 335 1312 αὐτοῦ
362 1246 564 1331 ἐξωμόρξατο
592 1251 638 1324 εἰς
664 1250 725 1332 τήν
751 1251 877 1334 ψυχήν,
905 1247 959 1314 καὶ
985 1251 1090 1315 πάντα
1117 1251 1236 1314 σκολιά
1312 1289 1313 1296 1

232 1353 297 1418 ὑπὸ
326 1354 470 1430 ψεύδους
496 1351 549 1418 καὶ
577 1351 766 1432 ἀλαζονείας
791 1352 846 1418 καὶ
874 1350 973 1420 οὐδὲν
1000 1355 1085 1420 εὐθὺ
1113 1355 1168 1420 διά
1195 1357 1234 1421 τὸ
1313 1378 1314 1456 η

232 1459 313 1522 ἀνευ
332 1457 488 1542 ἀληθείας
506 1453 708 1543 τεθράφθαι·
730 1457 784 1523 καὶ
800 1459 865 1524 ὑπὸ
879 1458 1027 1536 ἐξουσίας
1039 1457 1094 1524 καὶ
1106 1468 1236 1543 τρυφῆς

233 1561 287 1627 καὶ
309 1563 436 1647 ὕβρεως
458 1561 513 1628 καὶ
537 1563 689 1647 ἀκρατίας
711 1575 777 1629 τῶν
795 1563 944 1649 πράξεων
961 1563 1180 1649 ἀσυμμετρίας
1198 1588 1234 1629 τε
1314 1588 1315 1652 η

233 1666 288 1732 καὶ
315 1670 526 1752 αἰσχρότητος
553 1668 719 1752 γε’μουσαν
741 1671 802 1752 τήν
824 1671 934 1754 ψυχήν
957 1665 1057 1734 εἶδεν·
1090 1671 1172 1734 ὀδὼν
1195 1666 1234 1734 δὲ
1314 1663 1315 1666 “

234 1772 355 1857 ἀτίμως
373 1774 497 1856 ταύτην
520 1772 709 1857 ἀπέπεμψεν
731 1774 817 1840 εὐθὺ
841 1783 897 1857 τῆς
919 1784 1077 1859 φρουράς,
1102 1766 1137 1839 οἷ
1157 1773 1235 1858 μέλ·
1315 1798 1316 1884 η

182 1897 214 1945 13
234 1884 284 1943 λει
311 1878 456 1944 ἐλθοῦσα
483 1878 663 1963 ἀνατλῆναι
685 1880 724 1944 τά
747 1883 954 1963 προσήκοντα
975 1881 1076 1962 πάθη.
1121 1884 1234 1964 Προσ-

233 1986 304 2066 ήκει
332 1980 369 2047 δὲ
395 1982 492 2048 παντὶ
515 1993 559 2071 τῷ
584 1983 621 2049 ἐν
644 1988 782 2072 τιμωρίᾳ
805 1987 892 2068 ὀντι,
921 1982 975 2050 ὑπ’
997 1985 1100 2050 ἀλλον
1123 1985 1234 2070 ὀρθῶς
1316 2008 1317 2072 η

233 2087 466 2178 τιμωρουμένῳ
473 2136 483 2172 ,
512 2089 533 2173 ή
560 2094 705 2174 βελτίονι
732 2094 905 2174 γίγνεσθαι
932 2088 985 2154 καὶ
1013 2090 1188 2155 ὀνίνασθαι
1211 2090 1233 2173 ἢ

234 2195 471 2278 παραδείγματι
490 2206 558 2272 τοίς
576 2198 688 2272 ἀλλοις
705 2199 891 2279 γίγνεσθαι,
909 2197 964 2260 ἴνα
982 2197 1076 2260 ἀλλοι
1094 2195 1234 2277 ὁρῶντες

233 2301 400 2385 πάσχοντα
423 2300 443 2366 ἀ
466 2299 508 2365 ἀν
529 2301 636 2386 πάσχῃ
659 2302 862 2385 φοβούμενοι
880 2304 1030 2384 βελτίους
1047 2303 1233 2383 γίγνωνται.

234 2404 298 2470 εἰσὶ
321 2402 357 2470 δὲ
381 2407 416 2470 oc
435 2402 495 2488 μὲν
519 2406 745 2489 ὠφελούμενοί
764 2429 798 2470 τε
817 2404 870 2471 καὶ
889 2407 985 2489 δίκην
1003 2407 1151 2481 διδόντες
1167 2404 1233 2470 ὑπὸ

234 2518 324 2576 θεῶν
351 2534 385 2575 τε
412 2509 466 2576 καὶ
494 2510 683 2592 ἀνθρώπων
706 2507 813 2595 οὗτοι,
838 2514 873 2576 οἳ
893 2510 935 2576 ἀν
959 2511 1070 2594 ἰάσιμα
1092 2509 1234 2594 ἁμαρτή-

234 2640 318 2699 ματα
340 2615 540 2700 ἁμάρτωσιν·
569 2615 657 2698 ὅμως
679 2611 716 2679 δὲ
740 2613 783 2679 δι’
807 2613 1002 2699 ἀλγηδόνων
1024 2613 1079 2680 καὶ
1102 2616 1233 2680 ὀδυνῶν

234 2727 379 2805 γίγνεται
406 2722 517 2798 αὐτοῖς
543 2721 563 2804 ἡ
593 2718 734 2804 ὠφέλεια
756 2719 810 2784 καλ
833 2720 955 2785 ἐνθάδε
977 2719 1031 2784 καὶ
1054 2719 1090 2784 ἐν
1103 2718 1233 2786 Ἅιδου·

184 2845 217 2892 14
236 2829 275 2894 οὐ
303 2829 365 2912 γάρ
393 2819 465 2893 οἷόν
492 2850 525 2892 τε
549 2827 655 2902 ἀλλως
678 2819 805 2902 ἀδικίας
828 2822 1100 2890 ἀπαλλάττεσθαι.
1145 2828 1180 2890 οἳ
1200 2825 1229 2890 δ’

235 2932 277 2998 ἀν
305 2935 344 2998 τά
373 2936 491 3018 ἔσχατα
520 2930 701 3015 ἀδικήσωσι
727 2929 782 2996 καὶ
809 2932 864 2996 διά
892 2941 1025 2998 τοιαῦτα
1051 2928 1234 3014 ἀδικήματα

235 3037 363 3103 ἀνίατοι
381 3035 551 3120 γένωνται,
570 3035 606 3101 ἐκ
623 3038 749 3102 τούτων
767 3037 807 3099 τά
820 3037 1063 3121 παραδείγματα
1077 3040 1235 3120 γίγνεται,

234 3142 289 3207 καὶ
317 3139 408 3208 οὗτοι
434 3140 528 3206 αὐτοὶ
550 3138 610 3224 μὲν
633 3139 742 3206 οὐκέτι
765 3140 934 3205 ὀνίνανται
957 3139 1071 3225 οὐδέν,
1099 3143 1154 3206 ἅτε
1178 3139 1235 3206 ἀν-

236 3252 321 3312 ίατοι
351 3249 457 3329 ὀντες,
487 3248 580 3310 ἄλλοι
610 3241 646 3309 δὲ
676 3245 846 3310 ὀνίνανται
873 3244 909 3309 οί
931 3246 1067 3321 τούτους
1094 3245 1235 3329 ὁρῶντες

236 3353 291 3416 διὰ
314 3353 370 3428 τάς
392 3351 548 3436 ἁμαρτίας
569 3351 608 3414 τά
631 3348 765 3433 μέγιστα
787 3347 842 3414 καὶ
861 3349 1085 3432 ὀδυνηρότατα
1103 3347 1156 3414 καὶ
1174 3375 1234 3435 φο-

235 3459 401 3542 βερώτατα
431 3457 521 3541 πάθη
551 3456 735 3541 πάσχοντας
762 3457 822 3520 τὸν
849 3451 899 3519 ἀεὶ
927 3457 1064 3539 χρόνον,
1089 3444 1237 3539 Ιἀτεχνῶς
