2722 4028
530 223 576 274 1v.
595 221 853 275 ΠΛΟΊΤΔΡΧΟΣ.

644 418 686 428 -
710 380 797 446 ‘56ve
818 381 963 464 θεουδὴς
1066 367 1069 374 ’

405 484 550 561 εὐδικίας
572 481 737 570 ἀνέχησι·’

194 589 341 656 τουτέστι
362 597 446 656 θεοῦ
465 593 567 674 λόγον
586 593 669 674 ἔχων
689 591 852 675 διάνοιαν,
875 591 916 657 οὐ
935 600 1099 678 σκῆπτρον
1118 590 1196 658 οὐδὲ

193 698 356 780 κεραυνὸν
380 691 459 761 οὐδὲ
481 697 643 779 τρίαιναν,
668 696 712 772 ὡς
734 698 816 760 ἔνιοι
839 696 1038 762 πλάττουσιν
1060 695 1196 775 ἑαυτούς

193 799 248 865 καλ
279 801 443 886 γράφουσι
474 809 520 888 τῷ
550 798 713 890 ἀνεφίκτῳ
742 811 914 878 ποιοῦντες
943 799 1129 887 ἐπίφθονον
1157 805 1194 869 τὸ

194 905 349 990 ἀνόητον·
394 913 515 992 νεμεσᾷ
551 905 613 989 γάρ
651 905 668 970 δ
705 907 784 982 θεὸς
817 917 886 983 τοῖς
917 905 1195 992 ἀπομιμουμένοις

193 1012 333 1096 βροντάς
354 1009 410 1076 καλ
431 1013 612 1095 κεραυνοὺς
634 1009 689 1075 καί
711 1009 953 1094 ἀκτινοβολίας·
975 1015 1052 1088 τοὺς
1074 1009 1112 1077 δέ
1133 1015 1194 1097 τὴν

193 1116 313 1202 ἀρετὴν
337 1121 512 1200 ζηλοῦντας
535 1115 637 1181 αὐτοῦ
659 1113 714 1180 καλ
731 1117 814 1201 πρὸς
830 1118 867 1182 τὸ
885 1119 987 1182 καλὸν
1005 1115 1059 1182 καὶ
1077 1119 1194 1203 φιλάν-

192 1229 332 1308 θρωπον
355 1221 596 1306 ἀφομοιοῦντας
619 1218 755 1297 ἑαυτοὺς
776 1221 937 1306 ἡδόμενος
959 1221 1050 1300 αὐξει
1067 1221 1121 1288 καί
1139 1247 1195 1307 με·

193 1329 350 1392 ταδίδωσι
372 1334 428 1410 της
449 1323 524 1410 περὶ
546 1325 648 1390 αὐτὸν
671 1325 826 1408 εὐνομίας
848 1324 901 1391 καὶ
925 1327 1017 1410 δίκης
1038 1325 1093 1392 καὶ
1116 1327 1194 1412 ἀλη-

192 1434 287 1507 θείας
308 1428 363 1495 καί
385 1432 577 1517 πρᾳότητος·
607 1423 653 1493 ὧν
676 1432 849 1513 θειότερον
871 1432 912 1496 οὐ
934 1441 1000 1515 πῦρ
1024 1431 1130 1516 ἐστιν,
1153 1434 1194 1498 οὐ

192 1547 273 1621 φῶς,
287 1535 347 1619 οὐχ
361 1535 457 1617 ἡλίου
472 1536 604 1617 δρόμος,
620 1533 680 1598 οὐκ
694 1533 850 1600 ἀνατολαὶ
864 1535 918 1600 καλ
933 1538 1043 1614 δύσεις
1052 1539 1193 1623 ἀστρων,

193 1642 234 1707 οὐ
262 1643 299 1706 τὸ
329 1639 438 1705 ἀίδιον
466 1637 521 1702 καλ
548 1637 724 1705 ἀθάνατον.
771 1640 811 1705 οὐ
838 1642 901 1727 γάρ
928 1645 1037 1731 χρόνῳ
1066 1646 1147 1726 ζωῆς
1174 1645 1192 1710 ὁ

192 1748 271 1822 θεὸς
289 1745 467 1828 εὐδαίμων,
486 1741 568 1808 ἀλλά
586 1752 643 1827 τῆς
661 1743 777 1829 ἀρετῆς
790 1753 834 1831 τῷ
848 1747 995 1831 ἄρχοντι·
1018 1757 1115 1813 τοῦτο
1129 1750 1192 1835 ηάρ

193 1853 289 1916 θεῖόν
313 1849 396 1932 ἐστι,
419 1850 521 1914 καλὸν
545 1846 574 1913 δ’
598 1848 699 1932 αὐτῆς
720 1847 776 1914 καλ
797 1851 835 1915 τὸ
859 1850 1051 1935 ἀρχόμενον.

157 1972 173 2020 5
254 1953 451 2041 Ἀνάξαρχος
477 1950 537 2038 μὲν
567 1949 629 2019 οὐν
657 1953 709 2019 ε’πλ
737 1964 781 2042 τςῦ
806 1958 946 2021 Κλείτου
969 1960 1062 2046 φόνῳ
1085 1960 1192 2024 δεινο-

191 2067 364 2126 παθοῦντα
394 2059 694 2145 παραμυθούμενος
719 2057 936 2145 Ἀλέξανδρον
968 2064 1030 2146 ἔφη
1061 2061 1116 2128 καί
1146 2073 1191 2152 τῷ

191 2165 251 2231 Διὶ
277 2167 348 2250 τὴν.
365 2168 472 2249 Δίκην
500 2160 585 2229 εἶναι
612 2162 667 2229 καλ
693 2167 754 2248 την
782 2163 885 2249 Θέμιν
911 2164 1110 2252 παρέδρους,
1136 2171 1192 2234 ἵνα

191 2282 257 2338 πᾶν
283 2274 507 2358 πραττόμενον
529 2270 595 2335 ὑπὸ
618 2269 779 2354 βασιλέως
799 2273 938 2355 θεμιτὸν
961 2273 1042 2356 δοκῇ
1065 2272 1120 2338 καί
1143 2276 1192 2339 δί-

191 2397 298 2444 καιον·
336 2377 397 2443 οὐκ
420 2375 530 2461 ὀρθῶς
552 2372 623 2441 οὐδ’
647 2374 819 2460 ὠφελίμως
841 2377 901 2460 την
925 2373 975 2460 ἐφ’
998 2368 1048 2453 οἷς
1069 2378 1191 2463 ἥμαρτε

190 2484 366 2568 μετάνοιαν
385 2481 487 2547 αὐτοῦ
505 2490 549 2569 τῷ
568 2483 650 2566 πρὸς
667 2481 707 2544 τά
726 2480 824 2565 ὅμοια
842 2483 1026 2566 θαρρύνειν
1045 2485 1191 2567 ἰώμενος.

190 2591 222 2654 εί
249 2584 287 2654 δὲ
316 2589 369 2653 δεῖ
395 2597 496 2652 ταῦτα
526 2586 679 2669 εἰκάζειν,
709 2586 726 2652 ὁ
756 2582 817 2669 μέν
840 2590 923 2662 Ζεὺς
951 2588 1012 2652 οὐκ
1039 2590 1104 2672 ἔχει
1131 2591 1192 2674 την

191 2698 300 2777 Δίκην
322 2693 500 2776 πάρεδρον,
523 2689 593 2755 ἀλλ’
617 2691 716 2767 αὐτὸς
738 2695 824 2774 Δίκη
847 2689 902 2755 καὶ
925 2691 1024 2776 Θέμις
1047 2691 1115 2758 ε’στλ
1137 2693 1192 2760 καί

190 2803 302 2882 νόμων
322 2799 339 2864 ὁ
358 2798 579 2883 πρεσβύτατος
596 2795 651 2861 καλ
669 2800 875 2873 τελειότατος.
908 2799 943 2863 οί
957 2797 1091 2864 παλαιοί
1105 2800 1191 2864 οὕτω

190 2901 324 2987 λέγουσι
350 2905 405 2968 καί
427 2902 593 2987 γράφουσι
615 2899 670 2966 καὶ
693 2903 907 2968 διδάσκουσιν
931 2903 974 2979 ὡς
996 2903 1076 2968 ἀνευ
1100 2906 1192 2989 δίκης

190 3011 303 3094 ἀρχειν
325 3005 408 3092 μηδὲ
430 3017 490 3072 τοῦ
509 3009 591 3082 Διὸς
613 3011 719 3083 καλῶς
737 3005 937 3091 δυναμένου·
959 3008 979 3092 ἡ
1000 3006 1039 3073 δέ
1055 3032 1092 3090 γε
1109 3030 1191 3096 παρ-

189 3112 289 3190 θένος
318 3112 405 3194 έστί,·
432 3110 511 3176 καθ’
539 3109 714 3195 Ἡσίοδον,
743 3112 963 3198 ἀδιάφθορος,
993 3115 1108 3191 αίδοῦς
1137 3113 1192 3180 καλ

190 3219 408 3304 σωφροσύνης
443 3215 499 3282 καί
531 3214 684 3300 ἀφελείας
716 3219 885 3294 σύνοικος·
930 3217 1012 3283 ὅθεν
1044 3219 1192 3303 αίδοίους

188 3325 471 3412 προσαγορεύουσι
493 3325 571 3398 τοὺς
593 3324 750 3406 βασιλεῖς·
776 3324 914 3406 μάλιστα
937 3324 999 3409 γάρ
1023 3325 1191 3389 αίδελσθαι

155 3450 170 3498 ε
189 3433 346 3515 προσήκει
372 3440 441 3505 τοῖς
467 3429 582 3511 ἥκιστα
605 3425 832 3511 φοβουμένοις.
877 3432 1056 3513 φοβεῖσθαι
1080 3425 1117 3494 δέ
1140 3431 1190 3494 δελ

189 3538 247 3601 τὸν
276 3537 419 3621 ἀρχοντα
448 3543 508 3600 τοῦ
536 3537 658 3598 παθεῖν
687 3543 793 3609 κακῶς
821 3539 946 3617 μᾶλλον
976 3536 1012 3599 τὸ
1040 3543 1189 3617 ποιησαι·
