2722 4028
479 225 563 275 XVII.
583 223 840 276 ΠΔΟΊΤΑΡΧΟΣ.
1120 223 1162 286 ῦ5

225 377 322 448 Ἀλλά
349 383 415 465 μὴν
441 383 462 465 λη’
489 405 526 465 γε
554 385 704 466 βασιλεία
732 381 917 463 τελειοτάτη
943 393 1058 446 πασῶν
1081 375 1199 446 οὖσαε

158 486 217 553 καὶ
249 490 382 572 μεγίστη
415 498 480 552 τῶν
514 492 687 553 πολιτειῶν
715 489 867 562 πλείστας
894 489 1073 570 φροντίδας
1100 489 1165 572 ἔχει

159 591 217 658 καὶ
239 597 362 669 πόνους
384 591 438 658 καὶ
461 591 627 677 ἀσχολίας·
650 594 710 657 τὸν
728 602 812 674 γοῦν
830 591 997 657 Σέλευκον
1015 591 1164 657 ἑκάστοτε

161 697 272 781 λέγειν
295 701 433 783 ἔφασαν,
455 699 487 762 εί
510 709 622 780 γνοῖεν
646 698 681 762 οί
695 701 824 780 πολλοί,
847 698 883 762 τὸ
903 697 1043 782 γράφειν
1061 700 1165 779 μόνον

162 804 335 880 έπιστολάς
351 805 511 880 τοσαύτας
528 802 583 868 καὶ
598 803 838 886 ἀναγινώσκειν
854 804 897 880 ὡς
911 802 1051 887 ἐργῶδές
1066 803 1165 884 ἐστιν,

163 909 360 995 ἐρριμμένον
375 909 435 974 οὐκ
449 908 491 973 ἀν
506 908 683 974 ἀνελέσθαι
698 908 855 992 διάδημα·
875 911 933 973 τὸν
948 904 984 973 δὲ
1000 913 1165 973 Φίλιππον

163 1013 203 1080 έν
219 1020 308 1100 καλῷ
327 1017 436 1102 χωρίςο
450 1012 612 1097 μέλλοντα
625 1014 993 1098 καταστρατοπεδεύειν,
1011 1013 1055 1088 ὡς
1068 1015 1166 1096 ἤκου-

164 1137 239 1203 σεν,
265 1119 315 1184 ὅτι
343 1122 458 1204 χόρτος
485 1118 545 1184 ούκ
573 1121 641 1183 ἔστι
664 1130 733 1195 τοῖς
755 1118 959 1202 ὑποζυγίοις·
996 1112 1049 1181 “52
1067 1115 1166 1202 Ἡρά-

163 1223 276 1308 κλεις’,
299 1225 415 1308 εἰπεῖν,
439 1215 520 1300 ὀἷος
541 1223 635 1307 ἡμῶν
658 1225 676 1289 ὁ
699 1228 782 1308 βίος,
804 1226 835 1288 εί
851 1222 906 1289 καὶ
924 1227 1005 1309 πρὸς
1023 1227 1081 1290 τὸν
1099 1235 1165 1288 τῶν

164 1333 254 1396 όνυν
276 1331 393 1414 καιρὸν
416 1329 591 1412 ὀφείλομεν
616 1328 693 1412 ζῆν’
731 1330 801 1411 ὥρα
822 1333 938 1394 τοίνυν
960 1327 1014 1393 καί
1037 1332 1199 1412 βασιλεῖῖ

164 1447 338 1520 παραινεῖν
365 1435 530 1519 πρεσβύτῃ
557 1432 723 1520 γενομένφ
751 1435 788 1498 τὸ
817 1429 877 1517 μέν
906 1435 1050 1518 διάδημα
1070 1457 1166 1497 κατα-

164 1541 289 1606 θέσθαι
311 1538 365 1605 καδ
388 1541 448 1623 τὴν
469 1540 656 1624 πορφύραν,
681 1538 812 1623 ίμάτιον
834 1535 864 1603 δ’
887 1537 1094 1623 ἀναλαβόντα
1111 1535 1166 1603 καὶ

164 1649 338 1731 καμπύλην
365 1645 402 1710 ἐν
424 1643 514 1732 ἀγρῷ
539 1646 737 1728 διατρίβειν,
765 1644 809 1728 μὴ
833 1645 913 1729 δοκῇ
936 1648 1091 1729 περίεργα
1112 1641 1167 1708 καλ

166 1753 258 1836 ἄωρα
280 1751 435 1836 πράττειν
459 1749 495 1814 έν
518 1755 648 1826 πολιαῖς
670 1750 869 1832 βασιλεύυνς
892 1751 924 1814 εί
942 1746 973 1814 δ’
995 1749 1057 1814 οὐκ
1074 1748 1167 1826 ἀξιον

165 1868 266 1923 ταῦτα
290 1855 397 1939 λέγειν
419 1853 495 1944 περὶ
509 1853 707 1939 Ἀγησιλάου
725 1853 780 1918 καὶ
798 1859 920 1939 Νουμᾶ
938 1853 992 1919 καὶ
1010 1858 1167 1938 Δαρείου,

167 1958 249 2046 μηδὲ
277 1970 334 2044 τῆς
362 1961 395 2038 ἐξ
415 1958 543 2045 Ἀρείου
565 1961 675 2043 πάγου
698 1943 820 2044 βουλῆς
843 1963 984 2025 Σόλωνα
1007 1957 1089 2044 μηδὲ
1111 1968 1168 2042 τῆς

166 2069 350 2150 συγκλήτου
378 2066 520 2131 Κάτωνα
552 2067 606 2130 διὰ
636 2067 673 2130 τὸ
700 2074 802 2148 γῆρας
830 2064 1010 2149 ἐξάγωμεν,
1043 2065 1167 2130 οὔκουν

165 2169 249 2257 μηδὲ
268 2177 427 2256 Περικλεῖ
448 2172 727 2256 συμβουλεύωμεν
746 2169 972 2252 ἐγκαταλιπεῖν
989 2171 1049 2253 τὴν
1068 2171 1168 2253 δημο-
1240 2237 1244 2248 ,

165 2281 314 2362 κρατίαν·
339 2273 417 2344 οὐδὲ
439 2278 502 2361 γάρ
526 2277 632 2352 ἀλλοις
655 2279 757 2358 λόγον
780 2277 845 2360 ἔχει
867 2275 946 2340 νεόν
970 2277 1050 2340 ὄντα
1072 2298 1167 2340 κατα-

166 2393 336 2468 σκιρτῆσαι
372 2393 431 2448 τοῦ
468 2385 627 2466 βήματος,
664 2377 720 2445 εἶτ’
755 2379 908 2463 ἐκχέαντα
941 2381 998 2456 τὰς
1031 2381 1169 2464 μανικάς

166 2488 292 2564 ἐκείνας
315 2491 500 2572 φιλοτιμίας
522 2485 577 2551 καὶ
601 2487 703 2570 όρμάς
725 2487 772 2562 είς
794 2487 830 2550 τὸ
855 2486 1028 2569 δημόσιον,
1051 2485 1167 2568 ὅτανὴ

164 2596 202 2659 τὸ
230 2605 368 2678 φρονεῖν
396 2590 596 2676 ἐπιφέρουσα
625 2589 669 2656 δι’
697 2589 870 2674 ἐμπειρίαν
897 2589 1007 2672 ἡλικία
1028 2589 1169 2675 παραγέ-

164 2721 277 2782 νηται,
299 2696 461 2781 προέσθαι
484 2694 537 2760 καὶ
560 2701 757 2760 καταλιπεῖν.

166 2959 272 3024 XVII.
291 2960 377 3036 Quae
395 2959 431 3023 in
449 2981 484 3022 re
501 2959 634 3043 publica
648 2958 901 3022 administranda
915 2980 1027 3022 senum
1042 2959 1085 3023 sit
1098 2981 1169 3044 pro-

189 3056 304 3141 vincia,
323 3079 386 3140 qua
405 3057 531 3120 ratione
550 3056 591 3119 ab
610 3054 662 3120 his
683 3055 901 3119 adulescentes
920 3055 1053 3119 docendi
1072 3055 1146 3119 sint.

292 3185 441 3253 (Plutarch.
461 3201 497 3238 an
515 3183 576 3237 seni
594 3183 633 3238 sit
649 3185 772 3252 gerenda
789 3199 860 3252 resp.
881 3200 903 3238 ο.
919 3185 1042 3252 21-24.)

235 3329 329 3394 Ούτιο
354 3327 393 3393 δέ
412 3350 480 3405 πως
502 3327 556 3392 καὶ
580 3331 667 3416 λόγφ
689 3325 849 3412 χρηστέον
869 3325 905 3392 έν
924 3325 1076 3414 ἐκκλησίᾳ
1093 3349 1168 3412 πρε·
1189 3347 1202 3392 1

167 3435 292 3518 σβύτην
314 3437 506 3518 γενόμενον,
529 3435 572 3516 μὴ
598 3423 808 3516 ἐπιπηδῶντα
827 3444 970 3517 συνεχῶς
987 3442 1030 3519 τῷ
1050 3436 1169 3518 βήματι

169 3537 244 3624 μηδ’
273 3537 323 3604 ἀεὶ
352 3539 448 3621 δίκην
475 3537 693 3621 ἀλεκτρυόνος
720 3535 904 3624 ἀντᾴδοντα
931 3549 998 3614 τοῖς
1024 3545 1169 3622 φθεγγο-
