2722 4028
481 247 552 298 xv1.
572 247 829 301 ΠΛουΤΑΡΧοΣ.
1112 243 1154 307 53

150 403 232 469 αὐτὸ
247 403 429 488 ἀπέφυγον,
448 405 556 490 ὥσπερ
571 405 740 470 λυττῶντά
754 428 827 470 τινα
840 403 895 469 καί
909 407 1026 491 ἀγριον
1040 407 1156 470 δεσπό-

150 531 212 590 την
236 507 450 594 ἀποφυγών.”
487 505 537 575 Εὖ
561 505 623 576 οὖν
646 534 702 595 μοι
724 509 779 575 καὶ
801 513 874 575 τότε
898 509 1010 588 ἔδοξεν
1033 510 1157 586 ἐκεῖνος

151 616 257 678 εἰπεῖν
280 618 334 680 καί
356 625 420 680 νῦν
443 617 502 701 οὐχ
526 611 634 699 ἦττον.
665 617 851 681 παντάπασι
869 617 932 700 νάρ
951 627 1017 681 τῶν
1035 639 1072 698 γε
1091 639 1156 680 τοι-

152 721 261 786 ούτων
280 719 316 784 έν
333 731 378 808 τῷ
395 723 480 808 γήρα
493 724 598 806 πολλὴ
614 723 727 806 εἰρήνη
742 721 958 804 γίγνεταικαὶ
973 721 1156 806 έλευθερία,

153 823 288 890 έπειάἀν
310 827 347 890 αί
363 826 534 910 ἐπιθυμίαι
552 829 743 892 παύσωνται
761 831 1010 892 κατατείνουσαι
1029 825 1083 891 καὶ
1101 850 1157 910 χα-

153 930 289 1014 λάσωσι,
306 932 492 997 παντάπασι
510 935 548 998 τὸ
562 917 624 998 τοῦ
636 931 849 1017 Σοφοκλέους
862 936 1020 1015 γίγνεται·
1040 933 1156 996 θεσπο-

152 1047 221 1100 τῶν
249 1037 337 1102 πάνυ
366 1043 498 1102 πολλῶν
526 1039 594 1103 ἔστι
621 1037 676 1104 καλ
703 1037 912 1121 μαινομένων
940 1037 1156 1122 ἀπηλλάχθαι.

153 1141 238 1206 ἀλλά
265 1141 319 1207 καί
343 1144 469 1208 τούτων
492 1141 566 1224 πέρι
589 1142 731 1208 καὶτῶν
755 1167 791 1227 γε
814 1145 896 1226 πρὸς
917 1146 994 1219 τοὺς
1017 1145 1158 1216 οἰκείους

794 1244 819 1312 ὦ
839 1250 1023 1333 Σώκρατες,
1045 1245 1116 1311 ἀλλ’
1138 1245 1156 1311 ὁ

154 1355 275 1436 τρόπος
293 1363 367 1416 τῶν
394 1352 592 1438 ἀνθρώπων.
637 1353 679 1419 ἀν
707 1350 852 1439 μὲνγὰρ
876 1357 1006 1437 κόσμιοι
1028 1351 1082 1417 καὶ
1104 1352 1157 1416 εύ-

154 1463 248 1524 κολοι
276 1454 354 1540 ὦσι,
380 1457 435 1523 καὶ
462 1462 499 1525 τὸ
527 1469 628 1543 γῆρας
651 1463 789 1543 μετρίως
812 1456 900 1523 έστὶν
924 1457 1095 1523 έπίπουον·
1128 1458 1159 1520 εί

155 1559 194 1628 δέ
216 1565 272 1646 μή,
294 1561 349 1626 καὶ
371 1572 484 1647 γῆρας,
506 1559 532 1627 ὦ
551 1567 741 1649 Σώκρατες,
762 1561 817 1636 καὶ
840 1565 954 1645 νεότης
972 1563 1093 1646 χαλεπὴ
1112 1569 1157 1648 τῷ

155 1668 297 1756 τοιούτῳ
321 1665 512 1752 ξυμβαίνει.’

187 1859 273 1926 XVI.
301 1825 420 1936 Quanti
444 1862 509 1926 sint
531 1863 566 1926 in
588 1884 622 1925 re
644 1863 775 1946 publica
797 1885 910 1927 senum
934 1861 1076 1948 gravitas
1100 1865 1132 1925 et

389 1955 393 1964 ’
457 1959 628 2023 consilium
651 1960 859 2024 aestimanda.

153 2069 311 2140 (Plutarch.
327 2085 364 2122 an
383 2069 443 2124 seni
461 2069 498 2122 sit
511 2069 634 2138 gerenda
647 2087 717 2140 resp.
733 2087 755 2126 ο,
772 2076 812 2124 10.
830 2076 870 2124 11.
889 2069 923 2124 cf.
938 2069 1005 2125 fase.
1020 2070 1059 2123 IV
1067 2087 1094 2138 p.
1106 2072 1159 2138 λλ.)

230 2199 271 2259 Τί
291 2190 366 2272 οὖν;
400 2197 502 2279 φήσαι
524 2218 573 2271 τις
596 2197 654 2279 ἀν,
677 2196 738 2260 οὐκ
761 2195 923 2278 ἀκούομεν
947 2194 982 2260 έν
1005 2195 1159 2282 κωμῳδία
1180 2205 1192 2250 1

159 2301 360 2386 στρατιώτου
383 2299 551 2383 λέγοντος·

249 2406 371 2488 “Λευκη’
394 2428 434 2488 με
456 2403 533 2490 θρὶξ
557 2404 747 2490 ἀπόμισθον
770 2405 927 2470 ἐντεῦθεν
949 2403 1062 2483 ποιεί;’

157 2511 249 2576 πάνυ
272 2507 332 2594 μὲν
356 2505 429 2592 οὖν,
452 2505 477 2574 ὦ
501 2508 620 2594 ἑταῖρε·
644 2514 721 2586 τοὺς
743 2512 806 2596 γὰρ
821 2509 935 2592 ’Ἁρεος
954 2511 1160 2595 θεράποντας

157 2617 245 2700 ἡβᾶν
271 2613 386 2700 πρέπει
414 2618 468 2680 καὶ
496 2615 649 2700 ἀκμάζειν
677 2607 730 2681 οἷα
757 2617 798 2699 θη
829 2617 982 2699 ’πόλεμον
1004 2613 1160 2698 πολέμοιό

158 2745 193 2786 τε
222 2720 363 2806 μέρμερα
387 2723 465 2806 ἔργα
489 2719 683 2804 διέποντας,
711 2720 747 2785 έν
770 2713 820 2797 οἷς
841 2729 901 2785 τοῦ
923 2719 1077 2804 γέροντος
1099 2719 1161 2784 κάν

157 2829 197 2891 τὸ
220 2827 339 2911 κράνος
362 2825 536 2912 ἀποκρύψῃ
560 2827 616 2901 τὰς
638 2826 764 2908 πολιάς,
788 2825 881 2890 εἀλλά
903 2849 938 2889 τε
957 2825 1065 2910 λάθρη
1084 2837 1162 2908 γυῖα

158 2931 349 3016 βαρύνεταί
368 2929 423 2996 καὶ
440 2935 674 3017 προαπολείπει
694 2940 751 3014 τῆς
769 2934 956 3016 προθυμίας
974 2930 994 3013 ἡ
1010 2931 1161 3012 δύναμις·

158 3038 238 3112 τοὺς
260 3031 297 3100 δὲ
319 3045 379 3100 τοῦ
396 3039 563 3100 Βουλαίου
583 3035 637 3101 καὶ
653 3033 827 3120 Ἀγοραίου
845 3033 900 3100 καὶ
916 3035 1066 3110 Πολιέως
1079 3036 1162 3110 Διὸς
1180 3052 1195 3098 2

158 3137 322 3225 ὑπηρέτας
345 3143 386 3206 οὐ
404 3143 517 3206 ποθῶν
535 3143 615 3226 ἔργα
632 3141 687 3206 καὶ
706 3153 826 3227 χειρῶν
846 3141 1057 3224 ἀπαιτοῦμεν,
1080 3139 1162 3204 ἀλλά

158 3249 282 3329 βουλῆς
304 3244 359 3310 καὶ
381 3250 538 3332 προνοίας
560 3245 614 3310 καὶ
638 3250 757 3331 λόγου,
781 3247 824 3330 μη
849 3247 966 3332 ῥαχίαν
988 3255 1163 3322 ποιοῦντος

160 3349 197 3414 έν
222 3351 313 3439 δήμῳ
336 3349 391 3416 καὶ
413 3354 537 3435 ψόφον,
561 3349 644 3416 ἀλλά
666 3360 750 3416 νοῦν
774 3355 905 3436 ἔχοντος
927 3348 981 3414 καὶ
1002 3353 1162 3434 φροντίδα

158 3455 371 3540 πεπνυμένην
393 3454 448 3520 καὶ
471 3455 666 3540 ἀσφάλειαν·
690 3448 739 3533 οἷς
760 3456 780 3538 ἡ
804 3454 972 3540 γελωμένη
992 3456 1089 3519 πολιὰ
1108 3453 1163 3519 καὶ

160 3559 253 3645 ῥυτὶς
271 3561 437 3646 ἐμπειρίας
454 3562 577 3644 μάρτυς
595 3561 800 3645 ἐπιφαίνεται
819 3561 872 3626 καὶ
891 3567 1030 3636 πειθοῦς
1048 3577 1163 3644 συνερ-
