2722 4028
505 209 576 262 x1x.
596 208 755 262 ΠΛΑΤΩΝ.
1087 207 1129 270 63

116 366 161 430 δὲ
188 365 226 431 έκ
249 375 305 450 τῆς
323 367 496 450 Εὐρώπης,
519 369 657 431 Αἰακόν·
681 362 773 432 οὗτοι
792 361 854 431 οὖν
872 366 1004 432 ἐπειδάν
1022 372 1165 432 πλευ-7

94 505 97 510 ·
117 475 265 554 τήσωσι,
284 472 477 537 δικάσουσιν
496 471 531 538 ἐν
550 481 594 558 τῷ
614 476 760 556 λειμῶνι,
779 472 818 536 έν
833 481 871 557 τῇ
891 473 1022 560 τριόδῳ,
1041 470 1074 549 έξ
1092 466 1131 554 ής

118 575 268 660 φέρετον
291 578 335 642 τὼ
359 577 438 660 δδίι,
459 577 480 660 ἡ
503 576 563 661 μέν
586 579 632 653 είς
654 578 810 661 μακάρων
832 580 965 660 νήσους,
986 577 1007 659 ή
1031 573 1061 640 δ’
1084 579 1131 652 είς

126 682 313 766 Τάρταρον.
358 679 412 746 καὶ
441 685 517 759 τοὺς
544 678 604 765 μέν
632 681 667 747 ἐκ
694 691 750 766 τῆς
774 680 883 758 Ἀσίας
904 679 1131 764 Ῥαδάμανθυς

122 797 247 869 κρινεῖ,
269 789 346 863 τοὺς
364 783 401 852 δὲ
420 786 455 851 ἐκ
472 795 529 870 τής
546 787 708 872 Εὐρώπης
722 789 856 862 Αἰακός·
879 789 981 873 Μίνω
1000 782 1036 850 δὲ
1055 807 1130 868 πρε-

124 896 226 975 σβεῖα
248 892 344 956 δώσω
368 890 614 974 ἐπιδιακρίνειν,
637 891 695 957 ἐὰν
717 890 882 976 ἀπορῆτόν
906 913 936 956 τι
957 891 1002 954 τὼ
1022 889 1130 974 ἑτέρω,

125 999 185 1060 ἴνα
214 998 258 1072 ὡς
285 995 471 1079 δικαιοτάτη
498 996 518 1079 ἡ
545 1000 652 1082 κρίσις
677 990 698 1081 ή
725 998 800 1078 περί
826 1005 883 1079 τής
909 998 1042 1080 πορείας
1063 1007 1132 1072 τοῖς

127 1101 340 1182 ἀνθρώποις]

203 1203 298 1303 Ταῦμ’
317 1209 418 1289 ἔστιν,
440 1202 685 1289 ὦΚαλλίκλεις,
703 1205 724 1271 ἃ
743 1205 806 1288 ἐγὼ
825 1205 971 1289 ἀκηκοὼς
988 1207 1130 1270 πιστεύω
1149 1223 1165 1270 8

129 1312 241 1395 άληδή
272 1306 372 1375 εἶναι·
404 1309 458 1376 καὶ
487 1310 522 1375 έκ
554 1312 679 1376 τούτων
708 1322 774 1376 τῶν
805 1314 913 1394 λόγων
942 1312 1070 1376 τοιόνδε
1100 1335 1131 1377 τι

131 1419 301 1500 λογίζομαι
320 1419 522 1500 συμβαίνειν.
550 1417 568 1481 ό
586 1416 731 1493 θάνατος
748 1416 902 1501 τυγχάνει
921 1417 979 1498 ίόν,
998 1416 1042 1492 ὡς
1060 1414 1131 1500 ἐμοὶ

130 1524 239 1606 δοκεῖ,
266 1517 366 1587 οὐδὲν
392 1523 472 1587 άλλο
495 1521 516 1605 ή
539 1522 635 1586 δυοῖν
657 1521 862 1606 πραγμάτοιν
886 1521 1049 1604 διάλυσις,
1076 1529 1132 1604 τῆς

130 1637 238 1711 ψυχῆς
255 1625 310 1692 καὶ
328 1636 388 1693 τοῦ
406 1627 563 1709 σώματος,
586 1622 640 1690 ἀπ’
658 1625 828 1710 άλλήλοιν·
853 1624 986 1690 ἐπειδάν
1005 1622 1042 1691 δὲ
1061 1627 1131 1691 δια-

130 1739 280 1816 λυθήτον
307 1734 370 1818 άρα
397 1726 451 1796 ἀπ’
479 1730 651 1814 ἀλλήλοιν,
678 1732 719 1796 ού
745 1734 830 1797 πολὺ
857 1727 955 1815 ήττον
979 1728 1131 1817 ἑκάτερον

132 1839 247 1904 αὐτοῖν
270 1840 335 1922 ἔχει
357 1838 417 1920 τήν
440 1835 508 1914 ἕξιν
530 1838 590 1919 τήν
612 1837 730 1919 αὑτοῦ,
756 1837 860 1920 ήνπερ
882 1834 937 1900 καὶ
960 1835 1013 1900 ὅτε
1037 1839 1089 1920 έζη
1112 1837 1131 1902 ὁ

132 1945 324 2027 ἄνθρωπος,
352 1945 390 2006 τό
417 1964 451 2005 τε
479 1953 571 2025 σῶμα
597 1943 657 2024 τήν
682 1942 785 2026 φύσιν
807 1941 866 2024 τήν
890 1941 993 2006 αὑτοῦ
1015 1939 1069 2006 καλ
1091 1943 1131 2006 τά

132 2049 363 2132 θεραπεύματα
384 2044 439 2110 καὶ
461 2048 500 2110 τὰ
522 2049 699 2130 παθήματα
721 2049 842 2128 ἔνδηλα
859 2047 973 2111 πάντα.
1009 2039 1083 2113 οἷον
1101 2054 1165 2112 είο

134 2177 223 2229 τινος
241 2151 323 2236 μέγα
341 2147 383 2234 ήν
402 2154 438 2217 τὸ
458 2163 549 2235 σῶμα
567 2153 665 2236 φύσει
682 2152 822 2235 ήτροφή
836 2151 856 2236 ή
871 2150 1038 2238 ἀμφότερα
1054 2155 1131 2230 ζῶν-

132 2282 197 2339 τος,
219 2258 338 2322 τούτου
361 2255 416 2321 καὶ
438 2255 570 2321 ἐπειδάν
593 2255 746 2342 ἀποθάνῃ
770 2257 788 2322 ὁ
810 2259 926 2341 νεκρὸς
944 2255 1054 2340 μέγας,
1076 2257 1130 2322 καὶ
1181 2267 1184 2274 “

134 2366 162 2427 εί
190 2364 292 2447 παχύ,
321 2365 425 2446 παχὺς
451 2359 506 2426 καλ
533 2361 775 2445 ἀποθανόντος,
804 2359 858 2426 καί
885 2356 986 2426 τᾶλλα
1014 2361 1129 2438 οὕτως·

133 2467 187 2532 καὶ
209 2471 241 2532 εί
262 2462 305 2532 αὖ
328 2467 500 2550 ἐπετήδευε
522 2476 639 2551 κομᾶν,
661 2469 802 2551 κομήτης
824 2468 943 2532 τούτου
966 2464 1021 2530 καὶ
1042 2466 1060 2533 ὁ
1078 2491 1130 2532 νε-

133 2575 217 2656 κρός.
254 2576 424 2656 μαστιγίας
447 2567 489 2636 αὖ
512 2579 612 2648 εἴτις
634 2567 676 2655 ήν
699 2569 754 2636 καὶ
778 2577 850 2656 ίχνη
874 2567 939 2656 εἶχε
962 2581 1028 2636 τῶν
1050 2577 1130 2656 πλη-

134 2688 200 2760 γῶν
224 2677 261 2742 ἐν
283 2686 327 2765 τῷ
352 2678 475 2761 σώματι
498 2676 518 2760 ή
541 2677 605 2742 ὑπὸ
628 2681 795 2761 μαστίγων
818 2676 838 2760 ή
861 2677 971 2741 ἄλλων
988 2679 1130 2762 τραυμά-

128 2807 198 2851 των
228 2785 306 2864 ζῶν,
333 2780 387 2847 καλ
414 2789 594 2858 τεθνεῶτος
620 2785 657 2847 τὸ
686 2791 778 2866 σῶμα
805 2785 894 2846 ἔστιν
923 2783 1007 2848 ίδεῑν
1029 2791 1131 2847 ταῦτα

136 2889 221 2972 ἔχονε
254 2885 308 2951 καὶ
335 2890 512 2970 κατεαγότα
539 2893 573 2951 εί
594 2910 653 2952 του
680 2882 722 2969 ήν
745 2886 825 2971 μέλη
848 2886 868 2970 ή
893 2885 1131 2971 διεστραμμένα

137 2995 266 3074 ζῶντος,
297 2990 351 3056 καὶ
379 2998 559 3068 τεθνεῶτος
588 3000 688 3056 ταῦτα
715 2993 844 3075 ἔνδηλα.
890 2989 940 3057 ἑνὶ
967 2989 1004 3056 δὲ
1031 2995 1130 3081 λόγω,
1150 3009 1182 3058 10

137 3089 202 3173 οἶος
230 3091 314 3160 εἶναι
340 3097 581 3182 παρεσκεύαστο
604 3098 641 3162 τὸ
665 3107 756 3180 σῶμα
780 3099 858 3178 ζῶν,
885 3098 1006 3180 ἔνδηλα
1028 3107 1129 3162 ταῦτα

136 3200 187 3266 καὶ
209 3205 460 3285 τελευτήσαντος
482 3201 502 3286 ή
524 3201 629 3266 πάντα
651 3200 671 3284 ή
693 3202 733 3266 τὰ
755 3203 860 3266 πολλά
884 3201 939 3266 έπί
957 3225 1031 3266 τινα
1053 3205 1129 3287 χρό-

136 3330 202 3372 νον.
247 3306 367 3372 ταύτὸν
397 3308 437 3390 δή
468 3330 523 3390 μοι
554 3308 646 3371 δοκεῖ
672 3299 762 3372 τοῦτ’
790 3307 853 3390 άρα
882 3304 936 3370 καὶ
964 3304 1039 3389 περὶ
1068 3308 1129 3390 τήν

138 3411 241 3496 ψυχήν
264 3406 361 3494 εἶναι,
384 3407 409 3474 ὦ
428 3415 633 3488 Καλλίκλεις·
657 3413 778 3494 ἔνδηλα
800 3411 906 3476 πάντα
929 3409 1017 3476 ἐστὶν
1036 3409 1072 3476 έν
1090 3421 1128 3497 τῇ

139 3525 231 3600 ψυχή,
251 3501 384 3581 ἐπειδάν
402 3523 563 3602 γυμνωθή
581 3519 812 3602 τοῦσώματος,
830 3518 869 3582 τά
882 3540 916 3582 τε
931 3525 986 3601 τής
999 3519 1130 3602 φύσεως
