2722 4028
214 182 258 246 20
552 187 597 238 VI.
616 186 873 239 ΠΛΟἸΤΑΡΧΟΣ.

214 353 283 424 σῶν
306 341 433 430 ἐμαυτςῦ
456 347 576 427 νομίζω
599 345 790 430 προσήκειν·
823 345 921 429 τιμήν
940 340 978 408 δέ
995 345 1055 428 τήν
1073 339 1139 428 μετ’
1160 339 1221 427 ἐμὲ

213 459 282 524 τοῖς
300 447 455 533 ἀδελφοῖς
472 447 619 533 φυλάξω,
642 447 746 536 Ξέρξη
765 445 803 514 δέ
819 451 936 537 πρώτφ
955 460 1021 514 τῶν
1040 447 1218 533 άδελφῶν.’

180 569 195 617 3
215 551 284 617 ἐπεὶ
303 550 340 618 δὲ
358 553 378 636 ή
397 559 503 638 κρίσις
520 551 646 638 ἐνέστη,
669 552 796 640 Πέρσαι
814 550 874 638 μὲν
889 551 1101 639 Ἀρτάβανον,
1119 553 1219 619 άδελ-

214 660 281 742 φὸν
304 661 384 724 ὄντα
404 662 561 744 Δαρείου,
585 661 741 743 δικαστήν
764 657 946 744 ἀπέφηναν,
969 658 1069 738 δόξαν
1092 659 1218 741 αὐτοῖς,

215 762 337 848 Ξέρξης
366 760 396 828 δ’
427 767 565 848 ἔφευγεν
595 761 645 829 ἐπ’
678 763 805 830 ἐκείνου
834 770 991 850 κραθῆναι
1020 772 1064 852 τῷ
1094 767 1217 848 πλήθει

214 870 390 945 πεποιθώς.
427 867 569 933 ’Ἀτοσσα
592 865 629 933 δέ
651 869 671 952 ἡ
695 871 799 955 μήτηρ
823 867 999 951 ἐπέπληξεν
1022 849 1123 956 αὐίςῖ·
1160 869 1221 933 ‘Tc

214 974 347 1058 φεύγεις
370 971 587 1058 Ἀρτάβανον,
614 969 640 1038 ὦ
667 985 741 1058 παῖ,
767 981 864 1040 θεῖον
891 975 970 1039 ὄντα
996 972 1051 1039 καὶ
1073 979 1216 1059 Περσῶν

215 1079 364 1163 άριστον;
387 1084 422 1143 τί
440 1074 477 1143 δέ
500 1079 604 1155 οὕτως
624 1081 683 1144 τὸν
706 1079 816 1163 ἀγῶνα
840 1077 1000 1162 δέδοικας,
1024 1078 1061 1144 ἐν
1083 1073 1109 1166 ᾧ
1132 1080 1216 1145 καλά
1338 1091 1339 1094 ’

214 1182 270 1248 καὶ
287 1184 326 1248 τά
341 1185 520 1270 δευτερεῖα,
537 1188 680 1270 Περσων
692 1183 853 1268 βασιλέως
866 1184 1012 1269 ἀδελφὸν
1025 1185 1215 1270 κληθήναι;’

214 1287 406 1365 πεισθέντος
437 1284 499 1354 οὖν
526 1288 649 1374 Ξέρξου
676 1288 731 1354 καὶ
757 1288 945 1375 γενομένων
972 1294 1081 1374 λόγων
1104 1287 1216 1374 Ἀρτά-

214 1397 315 1477 βανος
337 1390 398 1478 μὲν
420 1392 607 1479 ἀπεφήνατο
627 1394 731 1481 Ξέρξη
753 1396 814 1479 τήν
836 1399 1006 1480 βασιλείαν
1024 1397 1214 1480 προσήκειν·
1339 1379 1340 1386 ¹

212 1495 404 1583 Ἀριαμένης
422 1497 452 1564 δ’
471 1499 574 1576 εὐθὺς
587 1499 799 1584 ἀναπηδήσας
811 1503 1035 1586 προσεκύνησε
1049 1503 1107 1566 τὸν
1121 1499 1215 1564 ἀδελ-

123 1687 125 1692 .
214 1605 280 1688 φδν
302 1606 356 1668 καὶ
379 1608 559 1690 λαβόμενος
580 1615 637 1689 τῆς
660 1604 767 1684 δεξιάς
789 1608 835 1682 είς
856 1607 916 1670 τὸν
935 1609 1063 1691 θρόνον
1081 1605 1215 1670 ἐκάθισε

214 1711 273 1774 τὸν
295 1713 471 1792 βασίλειον.
517 1710 552 1774 ἐκ
573 1713 692 1776 τούτου
715 1709 866 1795 μέγιστος
887 1707 930 1794 ήν
951 1708 1027 1795 παρ’
1050 1709 1216 1797 αὐτῷκαὶ

215 1825 369 1900 παρεῖχεν
396 1816 518 1881 εὔνουν
543 1814 673 1881 ἑαυτόν·
710 1817 792 1881 ὥστε
816 1816 997 1901 ἀριστεύων
1020 1815 1057 1881 ἐν
1078 1825 1117 1901 τή
1140 1814 1216 1900 περὶ

215 1924 389 2004 Σαλαμῖνα
410 1925 575 2008 ναυμαχίᾳ
596 1933 709 1987 πεσεῖν
731 1918 813 2005 ὑπὲρ
836 1931 893 2006 τῆς
915 1921 1042 1987 ἐκείνου
1066 1922 1170 2005 δόξης.

180 2045 197 2092 4
286 2029 389 2091 Τοῦτο
408 2023 469 2110 μὲν
487 2022 549 2092 οὖν
567 2028 675 2112 ὥσπερ
694 2025 876 2112 ἀρχέτυπον
894 2026 1052 2092 ἐκκείσθω
1065 2029 1216 2111 καθαρὸν

215 2128 270 2196 καὶ
288 2130 463 2215 ἀμώμητον
476 2132 644 2216 εὐμενείας
657 2131 711 2196 καὶ
725 2133 1025 2216 μεγαλοφροσύνης.
1045 2129 1214 2217 Ἀντιόχου

215 2232 253 2300 δὲ
271 2237 331 2320 τήν
349 2232 410 2320 μὲν
428 2241 604 2323 φιλαρχίαν
622 2236 750 2315 ψέξειεν
768 2239 810 2302 άν
828 2257 889 2314 τις·
913 2238 963 2302 ὅτι
982 2234 1018 2302 δὲ
1037 2237 1077 2302 οὐ
1094 2239 1216 2302 παντά-

215 2357 316 2406 πασιν
345 2341 426 2427 αὐτῇ
453 2345 490 2408 τὸ
517 2343 723 2427 φιλάδελφον
749 2341 974 2427 ἐνηφανίσθη,
1002 2343 1215 2426 θαυμάσειεν.

216 2446 365 2531 ἐπολέμει
384 2445 444 2531 μὲν
462 2449 524 2532 γάρ
542 2445 625 2531 ὑπὲρ
641 2453 876 2532 τῆς-βασιλείας
890 2450 1044 2536 Σελεύκφ
1057 2449 1216 2533 νεώτερος

216 2554 264 2618 διν
295 2553 437 2638 ἀδελφὸς
467 2552 523 2618 καὶ
552 2556 613 2638 τήν
642 2551 763 2638 μητέρα
791 2555 1088 2638 συλλαμβάνουσαν
1114 2550 1215 2640 εἶχεν·

215 2659 415 2743 ἀκμάζοντος
442 2655 479 2723 δέ
503 2670 562 2724 τοῦ
584 2657 730 2743 πολέμου
753 2659 860 2743 μάχην
883 2660 901 2725 ὁ
925 2657 1087 2735 Σέλευκος
1109 2660 1216 2724 Γαλά-

214 2788 286 2840 ταις
308 2764 457 2842 συνάψας
478 2761 533 2828 καλ
555 2761 706 2847 ἡττηθεὶς
729 2763 878 2846 οὐδαμοῦ
901 2764 1042 2848 φανερὸς
1064 2758 1117 2847 ἦν,
1141 2761 1210 2829 ἀλλ’

216 2867 307 2946 ἔδοξε
330 2869 505 2951 τεθνάναι,
526 2869 631 2952 πάσης
653 2869 737 2952 ὁμοῦ
758 2892 790 2932 τι
812 2877 868 2951 τῆς
890 2877 1041 2952 στρατιᾶς
1063 2868 1127 2934 ὑπὸ
1149 2879 1216 2934 τῶν

181 2974 394 3058 εβαρβάρων
420 2976 660 3056 κατακοπείσης.
704 2976 893 3057 πυθόμενος
920 2968 982 3039 οὖν
1009 2974 1027 3039 ὁ
1051 2969 1217 3060 Ἀντίοχος

216 3081 277 3163 τήν
303 3078 479 3163 πορφύραν
506 3080 605 3161 ἔθηκε
630 3077 684 3143 καὶ
706 3081 807 3162 φαιὸν
831 3079 960 3163 ἱμάτιον
983 3081 1078 3163 ἔλαβε
1100 3077 1217 3144 καὶτὰ

216 3189 366 3270 βασίλεια
388 3186 517 3259 κλείσας
539 3182 671 3248 ἐπένθει
688 3185 748 3249 τὸν
767 3183 927 3269 άδελφόνῖ
949 3185 1049 3273 ὀλίγφ
1068 3180 1105 3249 δὲ
1122 3184 1216 3250 ὕστε-

217 3315 278 3376 ρον
305 3289 461 3372 ἀκούσας,
488 3289 538 3353 ὅτι
566 3285 700 3376 σφ’ζεται
726 3287 780 3354 καὶ
808 3290 950 3373 δύναμιν
977 3285 1075 3366 αὖθις
1102 3287 1216 3374 ἑτέραν

216 3395 380 3482 ἀθροίζει,
406 3393 475 3474 τοῖς
500 3417 534 3459 τε
557 3400 649 3472 θεοῖς
671 3397 771 3460 ἔθυσε
793 3396 969 3481 προελθὼν
990 3393 1045 3460 καὶ
1066 3406 1136 3471 ταῖς
1157 3399 1217 3460 πό-

217 3507 308 3567 λεσιν
339 3495 386 3566 ὧν
414 3495 492 3586 ήρχε
521 3500 620 3564 θύειν
645 3497 700 3564 καὶ
727 3511 989 3585 στεφανηφορεῖν
1017 3499 1216 3584 ἐπήγγειλεν.
