2722 4028
197 152 257 216 (52
596 155 653 206 XV.
673 153 833 206 ΠΛΑΤΩΝ.

214 311 297 376 ἀλλὰ
323 309 437 378 τοῖσδέ
462 333 496 376 τε
521 323 589 388 τοῖς
610 315 756 388 νεανίαις
779 311 912 390 ξύνισθι
935 309 989 376 καὶ
1012 313 1111 391 δεῦρο
1134 305 1217 393 παρ”

214 417 297 500 ήμᾶς
327 419 426 501 φοίτα
457 416 500 492 ὡς
529 417 616 501 παρὰ
646 420 764 501 φίλους
793 441 827 482 τε
856 415 910 481 καὶ
937 416 1024 480 πάνυ
1052 413 1213 491 οίκείους.’

179 519 292 586 τ’Καλ
315 521 404 606 μήν’,
426 516 469 604 ήν
492 517 522 586 δ’
546 521 625 606 ἐγώ,
649 517 686 586 *ὦ
710 521 860 608 Κέφαλε,
881 525 983 606 χαίρω
1006 544 1043 604 γε
1066 523 1215 603 διαλεγό-

214 651 312 711 μενος
334 638 403 703 τοῖς
425 629 555 712 σφόδρα
578 628 786 712 πρεσβύταις·
820 629 912 692 δοκεῖ
932 627 994 711 γάρ
1017 649 1074 710 μοι
1095 635 1215 709 χρῆναι

214 730 291 817 παρ’
315 733 424 798 αὐτῶν
446 733 691 816 πυνθάνεσθαι,
714 734 823 816 ὥσπερ
843 733 917 796 τινὰ
937 731 1017 798 ὁδὸν
1034 736 1215 816 προεληλυ-

214 841 338 921 θότων,
360 838 402 921 ήν
424 836 479 902 καὶ
501 837 586 921 ἡμᾶς
609 845 687 915 ίσως
710 839 818 920 δεήσει
837 838 1049 922 πορεύεσθαι,
1071 841 1148 924 ποία
1166 839 1216 912 τίς

215 943 300 1027 ἐστι,
327 955 459 1028 τραχεῖα
481 941 534 1008 καὶ
557 945 697 1028 χαλεπή,
724 941 744 1026 ή
768 943 866 1030 ῥᾳδία
887 941 943 1007 καὶ
965 943 1119 1028 εύπορος·
1159 940 1215 1006 καὶ

215 1051 256 1132 δή
287 1047 342 1113 καί
374 1058 435 1113 σοῦ
466 1046 571 1131 ήδέως
598 1047 640 1112 ἂν
666 1051 852 1132 πυθοίμην,
884 1047 902 1112 ὅ
929 1072 960 1112 τι
988 1065 1041 1114 σοι
1063 1051 1215 1132 φαίνεται

214 1162 328 1236 τοῦτο,
356 1151 467 1236 ἐπειδή
497 1151 642 1218 ἐνταῦθα
669 1154 733 1236 ήδη
757 1149 788 1217 εἷ
808 1161 864 1235 τής
886 1152 1027 1236 ήλικίας,
1054 1153 1072 1218 δ
1096 1154 1137 1236 δή
1161 1151 1215 1218 ἐπὶ

215 1260 336 1341 γήραος
358 1257 448 1344 οὐδῷ
471 1275 574 1342 φασιν
597 1254 682 1324 εἶναι
701 1259 737 1324 οί
751 1261 893 1341 ποιηταί,
915 1262 1054 1343 πότερον
1072 1260 1216 1344 χαλεπὸν

180 1373 274 1428 ετοῦ
303 1365 379 1447 βίον
408 1361 429 1446 ή
458 1375 526 1440 πῶς
556 1367 597 1429 σὺ
628 1364 708 1428 αὐτὸ
739 1362 960 1447 ἐξαγγέλλεις.’
1011 1362 1107 1447 *Ἐγώ
1139 1363 1217 1447 σοι’,

216 1471 290 1553 ἔφη,
313 1469 366 1551 ενή
389 1471 448 1534 τὸν
467 1473 535 1534 Δία
559 1465 683 1554 έρῦ,,ὧ
702 1471 886 1554 Σώκρατες,
908 1461 981 1535 οἶόν
1003 1469 1043 1552 γέ
1062 1493 1118 1553 μοι
1139 1474 1217 1554 φαί-

215 1599 314 1640 νεται.
363 1575 519 1651 πολλάκις
554 1577 616 1661 γὰρ
654 1575 882 1659 συνερχόμεθά
916 1597 1003 1652 τινες
1038 1577 1084 1652 είς
1115 1575 1215 1639 ταύτὸ

214 1683 443 1765 παραπλησίαν
460 1680 591 1762 ήλικίαν
610 1682 748 1765 ἔχοντες,
767 1677 979 1766 διασῴζοντες
996 1681 1056 1763 τήν
1071 1681 1216 1744 παλαιὰν

215 1789 401 1870 παροιμίαν.
438 1785 473 1850 οί
493 1779 556 1850 οὖν
577 1790 723 1851 πλεῖστοι
745 1785 838 1870 ήμῶν
859 1784 1080 1870 ὀλοφύρονται
1098 1785 1217 1862 ξυνόν-

215 1915 282 1974 τες,
310 1891 368 1966 τας
395 1889 431 1955 ἐν
458 1899 496 1974 τή
524 1893 651 1973 νεότητι
674 1891 797 1974 ήδονδς
817 1896 1002 1966 ποθοῦντες
1022 1887 1077 1954 καλ
1099 1889 1217 1974 ἀναμι·

215 1997 435 2079 μνησκόμενοι
463 1998 542 2075 περί
565 2016 598 2057 τε
627 1991 823 2078 τάφροδίσια
845 1991 900 2058 καὶ
922 1993 997 2080 περὶ
1019 1999 1139 2071 πότους
1160 1993 1217 2062 καὶ

215 2101 353 2184 εὐωχίας
370 2096 425 2162 καὶ
443 2094 515 2162 ἄλλ’
533 2099 613 2163 όίττα
631 2098 652 2163 δ
671 2109 737 2163 τῶν
755 2101 915 2164 τοιούτων
934 2102 1049 2183 ἔχεται,
1068 2099 1121 2165 καὶ
1136 2100 1216 2183 ἀγα·
1345 2109 1347 2169 J

214 2204 464 2286 vaxvofiffcv‚629
490 2204 642 2286 μεγύλων
665 2215 766 2268 τινῶν
789 2202 1043 2288 ἀπεστερημένοι
1065 2203 1119 2270 καὶ
1142 2209 1215 2270 τότε
1343 2231 1344 2234 ’

180 2307 276 2394 νμὶν
298 2305 335 2374 εὖ
359 2312 486 2391 ζῶντες,
508 2318 571 2374 νῦν
595 2309 631 2374 δὲ
655 2305 734 2374 οὐδὲ
759 2313 885 2387 ζῶντες·
916 2311 999 2374 ἔνιοι
1022 2306 1059 2374 δέ
1081 2310 1136 2375 καὶ
1158 2313 1216 2388 τὰς
1340 2341 1342 2386 ι

214 2427 281 2480 τῶν
304 2416 435 2480 οίκείων
457 2417 711 2499 προπηλακίσεις
733 2424 793 2479 τοῦ
815 2417 924 2498 γήρως
946 2414 1138 2499 ὀδύρονται,
1160 2415 1216 2481 καὶ

215 2518 268 2584 ἐπὶ
296 2521 400 2608 τούτῳ
424 2520 466 2602 δή
489 2522 526 2586 τὸ
549 2530 651 2603 γήρας
672 2519 836 2602 ὑμνοῦσιν
859 2520 946 2584 ὅσων
968 2532 1078 2584 κακῶν
1100 2524 1215 2605 σφίσιν

215 2632 330 2690 αίτιον.
376 2623 447 2708 ἐμοὶ
475 2621 512 2688 δὲ
536 2626 708 2708 δοκοῦσιν,
735 2620 761 2688 ὦ
785 2625 973 2710 Σώκρατες,
1000 2620 1091 2690 οὗτοι
1115 2626 1214 2692 οὐτὸ

216 2736 322 2795 αίτιον
345 2731 521 2794 αἰτιᾶσθαι,
558 2731 589 2793 εί
609 2730 672 2813 γὰρ
695 2724 737 2812 ήν
759 2727 848 2795 τοῦτ’
869 2735 986 2812 αίτιον,
1008 2728 1070 2794 κᾶν
1094 2729 1157 2814 ἐγὼ
1174 2732 1215 2795 τὰ

216 2834 298 2899 αύτδ
326 2845 427 2899 ταῦτα
457 2833 623 2918 ἐπεπόνθη
654 2834 749 2899 ἕνεκά
778 2857 815 2918 γε
845 2836 952 2919 γήρως
981 2833 1035 2900 καὶ
1062 2837 1097 2900 ολ
1121 2837 1215 2901 ἄλλοι

215 2941 348 3022 πάντες,
378 2939 450 3004 ὅσοι
479 2938 624 3004 ἐνταῦθα
650 2935 758 3023 ήλθον
785 2939 920 3022 ἡλικίας.
965 2950 1029 3005 νῦν
1056 2937 1086 3004 δ’
1114 2942 1214 3023 ἔγωγε

215 3047 278 3129 ήδη
307 3045 500 3130 ἐντετύχηκα
528 3044 588 3130 οὐχ
617 3045 721 3122 οὕτως
748 3048 859 3130 ἔχουσι
886 3043 940 3110 καὶ
963 3047 1074 3122 ἄλλοις
1096 3044 1150 3110 καὶ
1172 3047 1213 3130 δή

215 3149 270 3216 καὶ
290 3155 459 3234 Σοφοκλεῖ
477 3172 555 3215 ποτε
573 3160 617 3238 τῷ
637 3161 752 3236 ποιητής
771 3154 998 3234 παρεγενόμην
1017 3149 1214 3238 ἐρωτωμένῳ

166 3275 197 3321 10
216 3257 280 3320 ὑπό
308 3276 409 3332 τινος·
447 3255 588 3339 “Πῶς”,
616 3259 694 3340 ἔφη,
722 3251 776 3320 “ὦ
800 3259 1000 3340 Σοφόκλεις,
1027 3259 1109 3341 έχεις
1135 3258 1214 3340 πρὸς

216 3360 426 3445 τύφροδίσια;
447 3363 494 3426 ἔτι
512 3353 581 3438 οἷός
599 3385 633 3426 τε
652 3357 684 3426 εί
695 3359 827 3444 γυναικὶ
842 3365 1079 3444 συγγίγνεσθαι
1087 3360 1118 3437 ;”
1150 3359 1213 3426 Καὶ

217 3466 264 3564 ῦς,
288 3464 498 3549 “Ἐῦφήμει”,
516 3468 590 3549 ἔφη,
610 3461 659 3530 “ὧ
678 3466 847 3552 ἄνθρωπε·
871 3464 1088 3548 ἀσμεναίτατα
1106 3463 1213 3550 μέντοι
