2722 4028
210 194 252 259 36
560 198 621 252 XII.
640 197 864 250 ΛΟΤΚΙΑΝΟΣ,

210 355 331 440 μάτων,
353 353 408 420 καὶ
431 359 518 446 λόγῳ
541 353 595 422 καὶ
620 358 705 446 έργρ)
729 355 941 440 διαλέγοντας
962 357 1002 420 τά
1025 352 1085 440 μὲν
1103 354 1217 438 άγαθά

209 467 455 546 προαιρεῖσθαι,
483 473 550 528 τῶν
579 458 616 527 δέ
648 473 757 528 κακῶν
787 460 985 548 ἀπέχεσθαι’
1029 459 1084 526 καλ
1111 461 1217 538 οὕτως

211 567 272 650 ἔφη
300 565 454 650 ἀρίστους
480 591 514 632 τε
541 566 596 634 καὶ
625 567 939 652 εὐδαιμονεστάτους
961 568 1085 652 ἀνδρας
1106 570 1216 650 γίγνε-

210 677 291 735 σθαι
317 670 371 736 καὶ
399 673 610 756 διαλέγεσθαι
639 673 897 750 δυνατωτάτους.
944 675 1005 756 ἔφη
1034 668 1071 736 δὲ
1097 669 1152 736 καλ
1177 674 1216 738 τὸ
1335 729 1336 734 ,

211 775 422 860 διαλέγεσθαι
446 778 675 862 ὀνομασθῆναι
698 777 734 844 έκ
752 787 812 844 τοῦ
831 781 1005 854 συνιόντας
1023 785 1116 862 κοινη
1135 780 1216 860 βου-

212 881 366 948 λεύεσθαι
389 882 600 967 διαλέγοντας
621 883 704 949 κατά
726 881 805 966 γένη
828 883 868 948 ιδ
891 883 1072 968 πράγματα.

210 1099 282 1165 XII.
304 1100 406 1177 Quam
425 1125 507 1167 vana
526 1107 558 1166 et
544 1102 695 1166 tstolida
712 1102 881 1166 hominum
899 1106 976 1168 vota
994 1123 1063 1167 esse
1077 1102 1217 1188 possint,

422 1198 567 1281 exemplo
590 1197 731 1264 Timolai
754 1199 1001 1263 demonstratur.

385 1309 507 1380 (lucian
521 1309 615 1378 navig.
635 1315 703 1364 41-
706 1315 748 1364 46.
776 1309 810 1364 cf.
825 1309 893 1364 fasc.
909 1309 978 1378 llp.
993 1311 1047 1380 20.)

284 1412 420 1478 Quattuor
443 1413 527 1467 amici
546 1430 561 1467 e
559 1415 663 1495 ‘portu
684 1413 814 1468 Piraeo'
805 1431 836 1467 ιιι
855 1413 953 1468 urbem
975 1416 1012 1468 ad
1033 1417 1143 1484 portam
1166 1415 1215 1469 Di-

213 1484 299 1553 pylon
316 1483 493 1538 redeuntes
484 1501 515 1536 ιιι
532 1483 641 1553 itinere,
660 1484 729 1552 quid
747 1483 866 1553 quisque
884 1483 1008 1554 ipsorum
1026 1485 1146 1540 maxime
1164 1502 1216 1554 op·

212 1555 300 1608 tabilo
322 1557 448 1623 censeat
471 1553 590 1608 invicem
612 1555 815 1623 colloquuntur
856 1559 1006 1636 postquam
1027 1555 1133 1624 primus
1158 1555 1215 1609 sibi

214 1642 319 1692 aurum,
340 1625 411 1678 alter
429 1598 566 1679 exercitus
586 1624 641 1678 et
632 1624 779 1692 mperium
799 1625 951 1706 exoptavit,
970 1625 1023 1680 hoe
1041 1625 1103 1682 Ιοοο
1121 1625 1214 1680 Timo-

212 1695 273 1748 laus
291 1666 403 1763 anulos,
427 1711 544 1763 quomm
562 1710 615 1763 ope
633 1693 705 1747 mira
724 1693 832 1749 efficere
850 1695 953 1764 possit,
977 1697 1070 1776 optat,
1093 1695 1214 1764 Lycinna

213 1767 321 1833 autem,
349 1764 395 1818 oui
417 1767 517 1833 quaxto
540 1764 601 1818 loco
625 1763 773 1818 dicendum
796 1767 852 1833 est,
876 1782 950 1818 vana
972 1765 1123 1820 amicorum
1145 1769 1215 1821 vota

212 1835 315 1890 illudit.

430 1922 633 1989 ΛΥΚΙΝΟΣ
655 1923 735 1989 ΚΑΙ
756 1923 995 2000 ΤΙΜΟΛΑΟΣ.

180 2055 193 2102 1
278 2040 382 2106 ΛΤΚ.
413 2036 499 2104 Ἀλλ’
520 2040 583 2123 ἢδη
608 2041 667 2105 σὸν
690 2041 804 2122 αἰτεῖν,
827 2033 852 2102 ὦ
876 2041 1028 2122 Τιμόλαε,
1050 2039 1103 2105 καὶ
1127 2041 1214 2118 ὅπως

212 2145 380 2232 ὑπερβάλῃ
411 2145 564 2228 τούτους,
597 2145 705 2229 ὥσπερ
738 2145 824 2220 είκὸς
855 2145 962 2228 ἀνδρα
993 2147 1131 2211 συνετὸν
1159 2145 1214 2212 καὶ

212 2252 379 2337 πράγμασι
401 2256 544 2334 χρῆσθαι
567 2251 686 2314 είδότα.

278 2355 366 2420 ΤΙΜ.
402 2359 527 2421 Σκόπει
554 2365 653 2438 γοῦν,
680 2349 706 2418 ὦ
735 2358 875 2436 Λυκῖνε,
902 2360 936 2418 εί
958 2377 989 2418 τι
1016 2354 1214 2440 ἐπιλήψιμον

212 2461 347 2546 εὔξομαι
365 2459 419 2526 καλ
437 2461 455 2525 ό
474 2483 505 2525 τι
523 2459 565 2525 ἀν
583 2460 730 2525 εὐθῦναί
745 2482 793 2535 τις
811 2460 983 2543 δυνηθείη.
1010 2463 1135 2545 χρυσὸν
1153 2457 1215 2544 μὲν

214 2563 276 2634 οὖν
298 2565 352 2632 καὶ
374 2569 567 2651 θησαυροὺς
589 2564 643 2630 καὶ
666 2567 846 2649 μεδίμνους
867 2567 1066 2648 νομίσματος
1083 2564 1103 2648 ἢ
1122 2569 1215 2648 βασι-

213 2675 302 2749 λείας
323 2670 377 2736 καὶ
400 2671 562 2756 πολέμους
584 2668 638 2736 καὶ
661 2672 796 2754 δείματα
818 2666 901 2754 ὑπὲρ
924 2678 980 2752 τῆς
998 2669 1108 2755 ἀρχῆς,
1131 2670 1152 2735 δ
1170 2673 1215 2736 εί-

213 2780 316 2854 κότοις
339 2776 497 2861 διέβαλες,
520 2776 581 2842 οὐκ
603 2778 791 2860 αἰτήσομαι·
815 2773 951 2859 ἀβέβαια
973 2777 1036 2861 γάρ
1058 2775 1160 2840 ταῦτά
1178 2799 1215 2858 γε

213 2880 268 2947 καὶ
290 2883 413 2958 πολλάς
434 2884 490 2960 τάς
513 2881 688 2966 έπιβουλάς
710 2883 826 2966 ἔχοντα
847 2878 902 2944 καὶ
924 2879 1024 2946 πλέον
1042 2890 1102 2946 τοῦ
1119 2879 1217 2964 ἡδέος

177 2989 249 3052 ml
277 2986 415 3071 ἀνιαρὸν
442 2985 479 3052 ἐν
506 2987 617 3064 αὐτοῖς
638 2981 689 3070 ην.
736 2985 800 3070 ἐγὼ
824 2982 861 3052 δὲ
884 2986 1044 3071 βούλομαι
1067 2987 1126 3051 τὸν
1143 2984 1216 3070 Ἑρ-

213 3099 278 3174 μῆν
301 3090 479 3176 ἐντυχόντα
502 3114 558 3174 μοι
577 3093 694 3156 δοῦναι
714 3092 908 3167 δακτυλίους
925 3092 1017 3167 τινὰς
1034 3089 1090 3157 καὶ
1107 3093 1216 3158 τοιού-

212 3220 289 3272 τους
316 3197 378 3280 τὴν
407 3195 566 3279 δύναμιν,
596 3195 653 3261 ἕνα
682 3191 743 3279 μὲν
775 3195 857 3259 ὥστε
887 3193 938 3260 ἀεὶ
967 3195 1133 3280 ἐρρῶσθαι
1161 3193 1217 3262 καλ

212 3302 375 3384 ὑγιαίνειν
397 3303 434 3367 τὸ
458 3311 550 3384 σῶμα
572 3299 626 3365 καλ
649 3302 796 3385 ἀτρωτον
819 3294 904 3364 εἶναι
927 3297 981 3364 καὶ
1005 3298 1130 3383 ἀπαθῆ,
1152 3299 1216 3365 ἕτε-

212 3431 274 3492 ρον
296 3403 333 3472 δὲ
356 3408 400 3484 ὡς
416 3409 460 3492 μὴ
479 3407 622 3491 δρᾶσθαι
640 3408 698 3472 τὸν
716 3403 947 3489 περιθέμενον,
971 3397 1040 3484 οἷος
1058 3401 1100 3490 ἦν
1120 3408 1138 3475 δ
1157 3417 1217 3473 τοῦ

213 3513 341 3595 Γύγου,
368 3514 426 3577 τὸν
454 3510 493 3578 δέ
513 3535 587 3576 τινα
611 3511 654 3588 ὡς
678 3511 806 3597 ίσχόειν
828 3507 910 3596 ὑπὲρ
934 3512 1056 3597 ἀνδρας
1079 3517 1218 3600 μυρίους
