2722 4028
60 110 67 327 Ι
480 234 552 287 x1x.
572 230 731 284 ΠΛΑΤΩΝ
1063 227 1105 290 65

46 312 66 461 Ι
104 392 390 479 παραδείγματα’
374 391 620 523 ανηρτημένονς
647 390 751 456 ἐκεί’
736 415 771 456 εν
785 389 902 456 Αιδου
926 388 1030 474 ἐντῷ
1054 389 1106 452 δε-

50 501 287 588 σμωτηρίιμ,
306 510 374 576 τοῖς
392 496 443 564 ἀεὶ
462 509 528 563 τῶν
547 495 701 562 ιἰδίκων
686 495 941 580 αφικνουμένοις
957 495 1106 577 θεάματα

46 631 47 634 ’
105 601 161 666 καί
190 607 428 688 νουθετήματα.
473 598 520 668 ὧν
552 601 615 686 ἐγώ
648 626 732 686 φημι
765 601 822 666 ἕνα
853 599 908 666 καὶ
933 598 1105 685 Ἀρχέλαον
1126 614 1156 662 15

46 731 48 737 ⁴
107 710 256 792 ἔσεσθαι,
283 712 315 774 εί
341 707 450 792 ἀληθῆ
478 707 564 791 λέγει
587 713 721 790 Πῶλος,
748 705 803 771 καὶ
829 708 931 771 άλλον
954 704 1082 790 ὅστις’“
1064 729 1106 769 αν

106 824 252 890 τοιοῦτος
274 816 436 900 τύραννος
460 807 491 900 ᾖ·
515 809 606 896 οἶμαι
631 810 667 877 δὲ
690 812 744 878 καὶ
767 815 844 887 τοὺς
861 814 1003 886 πολλοὺς
1021 807 1106 874 εἶναι

49 969 50 972 .
104 919 230 984 τούτων
257 919 294 984 ἐκ
321 920 495 1003 τυράννων
517 917 572 983 καὶ
594 917 758 1002 βασιλέων
780 916 833 1004 καὶ
857 919 1031 982 δυναστῶν
1052 913 1106 980 καὶ

49 1057 50 1077 1
106 1024 146 1086 τά
172 1036 237 1089 τῶν
263 1028 392 1090 πόλεων
419 1024 626 1109 πραξάντων·
657 1020 748 1089 οὗτοι
771 1024 833 1107 γάρ
857 1025 911 1088 διδι
934 1024 994 1105 τὴν
1017 1020 1106 1098 ἐξου-
1175 1029 1177 1035 ’

106 1133 183 1193 σιἀν
197 1129 332 1213 μέγιστα
350 1127 404 1194 καί
422 1127 626 1194 ἀνοσιώτατα
645 1129 855 1214 ἁμαρτήματα
874 1127 1106 1212 ἁμαρτάνουσι.

48 1283 49 1292 .
107 1247 265 1319 μαρτυρεῖ
293 1231 330 1300 δέ
360 1236 487 1311 τούτοις
516 1232 570 1298 καὶ
590 1233 747 1319 Ὅμηρος·
780 1233 933 1318 βασιλέας
961 1234 1023 1315 γδιρ
1052 1229 1106 1296 καὶ

48 1383 49 1450 ¹
109 1339 270 1416 δυνάστας
282 1339 417 1423 Ιἐκεῖνος
438 1344 593 1423 πεποίηκε
611 1343 688 1415 τοὺς
706 1337 869 1404 ε’νἍιδον
887 1341 946 1404 τὸν
964 1333 1014 1402 ἀεὶ
1032 1341 1106 1422 χρό-

107 1468 166 1509 νον
184 1444 462 1530 τιμωρουμένους,
485 1445 653 1510 Τάνταλον
666 1443 721 1510 καὶ
734 1449 889 1529 Σίσυφον
902 1443 957 1508 καλ
975 1447 1106 1509 Τιτυόν·

109 1553 269 1633 Θερσίτην
299 1549 353 1634 δέ,
382 1549 437 1614 καὶ
466 1557 500 1615 εί
524 1573 573 1626 τις
601 1552 700 1626 ἄλλος
726 1553 869 1633 πονηρὸς
895 1545 937 1632 ἦν
966 1551 1107 1631 ἰδιώτης,

47 1643 50 1730 ¹
108 1653 217 1732 οὐδεὶς
248 1660 402 1738 πεποίηκε
435 1657 589 1739 μεγάλαις
616 1660 785 1741 τιμωρίαις
814 1658 1035 1740 συνεχόμενον
1063 1655 1108 1731 ὡς

46 1733 51 1872 ¹
108 1754 251 1825 ἀνίατον.
289 1759 372 1826 ιἰλλδι
395 1761 469 1845 γάρ,
493 1756 518 1824 ὦ
542 1764 747 1845 Καλλίκλεις,
770 1761 888 1826 ἐκτῶν
912 1758 1107 1844 δυναμένων
1127 1777 1159 1825 16

46 1873 48 1902 ¹
107 1864 168 1930 είσί
192 1863 247 1930 καί
270 1865 306 1930 οί
325 1867 454 1950 σφόδρα
476 1862 615 1949 πονηροὶ
635 1867 823 1948 γιγνόμενοι
842 1867 1027 1948 ἄνθρωποι·
1051 1866 1107 1930 ού-

109 1967 163 2036 δέν
193 1973 258 2054 μὴν
285 1970 406 2034 κωλύει
432 1967 487 2033 καὶ
516 1968 552 2033 ἐν
579 1970 707 2046 τούτοις
735 1967 884 2052 ἀγαθοὺς
910 1971 1033 2055 ἄνδρας
1056 1969 1108 2053 ἐγ-

108 2079 298 2159 γίγνεσθαι,
324 2073 378 2138 καὶ
406 2076 535 2159 σφόδρα
561 2097 598 2156 γε
626 2073 719 2150 άξιον
742 2076 887 2157 ἄγασθαι
909 2087 974 2139 τῶν
997 2099 1107 2157 γιγνο-

46 2259 47 2266 ¹
108 2181 229 2264 μένων·
253 2182 396 2265 χαλεπὸν
410 2180 484 2264 γάρ,
503 2175 528 2244 ὦ
543 2183 748 2262 Καλλίκλεις,
764 2177 819 2244 καί
832 2185 957 2245 πολλοῦ
972 2179 1106 2244 ἐπαίνου

46 2271 48 2304 ³
107 2285 200 2364 ἄξιον
218 2284 255 2350 ἐν
273 2285 396 2369 μεγάλη
415 2283 546 2368 ἐξουσίᾳ
564 2293 623 2348 τοῦ
640 2279 767 2346 ἀδικεῖν
781 2287 960 2368 γενόμενον
976 2287 1108 2360 δικαίως

108 2393 291 2474 διαβιῶναι.
336 2389 442 2472 ὀλίγοι
466 2387 502 2453 δὲ
525 2392 694 2471 γίγνονται
718 2389 753 2453 οί
772 2399 929 2454 τοιοῦτοι·
962 2389 1032 2454 ἐπεὶ
1053 2389 1106 2455 καὶ

46 2505 48 2580 ξ
107 2496 230 2560 ἐνθάδε
259 2493 314 2559 καὶ
344 2496 463 2570 ἄλλοθι
494 2497 685 2576 γεγόνασιν,
715 2489 805 2578 οἶμαι
833 2489 869 2558 δέ
897 2493 950 2559 καί
978 2498 1108 2560 ἔσονται

46 2595 48 2716 ¹
106 2598 201 2666 καλοὶ
233 2597 376 2683 κάγαθοὶ
408 2601 530 2684 ταύτην
559 2602 619 2683 τὴν
650 2596 769 2710 άρετην
797 2601 858 2684 την
886 2611 945 2665 τοῦ
975 2603 1109 2677 δικαίως

46 2701 48 2848 ¹
108 2709 316 2792 διαχειρίζειν
339 2706 424 2770 δ”αν
447 2731 496 2782 τις
519 2704 684 2791 ἐπιτρέπῃ·
709 2697 755 2781 εἷς
778 2701 814 2769 δέ
836 2703 891 2769 καὶ
911 2706 998 2770 πάνυ
1018 2705 1108 2772 ἐλλό-

106 2835 202 2895 γιμος
224 2810 340 2894 γέγονε
358 2809 462 2876 καὶί
431 2813 462 2874 εί
462 2836 477 2886 ς
495 2814 572 2887 τοὺς
590 2812 710 2886 ἄλλους
718 2808 891 2895 Ἕλληνας,
911 2809 1109 2896 Ἀριστείδης

46 2905 48 2998 ¹
106 2917 352 3000 όΛυσιμάχου·
375 2917 411 2982 οί
432 2913 468 2980 δὲ
485 2911 656 2998 πολλοί,
636 2941 661 2979 ω
681 2917 803 3000 ἄριστε,
826 2915 920 2981 κακοὶ
939 2941 1108 3000 γιγνονται

46 3035 47 3062 ¹
106 3033 173 3086 τῶν
184 3022 381 3086 δυναστῶν.
417 3019 516 3105 Ὅπερ
545 3016 606 3086 οὖν
635 3024 765 3104 ἔλεγον,
795 3021 927 3086 έπειδδιν
955 3023 973 3088 ὁ
997 3020 1108 3087 Ραδά-
1129 3041 1159 3089 17

46 3121 48 3186 ¹
105 3133 238 3212 μανθυς
267 3126 390 3203 ἐκεῖνος
419 3129 570 3192 τοιοῦτόν
599 3150 674 3191 τινα
704 3127 804 3212 λάβη,
835 3129 914 3192 ἄλλο
945 3124 1006 3212 μὲν
1036 3127 1110 3210 περὶ

105 3233 210 3298 αύτού
233 3232 294 3296 ούκ
316 3227 408 3297 οἶδεν
431 3229 542 3315 οὐδέν,
566 3229 640 3296 οὔδ’
665 3233 754 3308 ὅστις
777 3230 855 3297 οὔδ’
878 3227 1036 3317 ὧντινων,
1059 3234 1109 3298 ὅτι

106 3335 145 3404 δὲ
162 3341 306 3421 πονηρός
323 3359 383 3414 τις·
407 3335 577 3402 καὶτοῦτο
596 3339 739 3402 κατιδὼν
759 3335 947 3421 ιἰτιέπεμύεν
961 3341 1008 3415 είς
1027 3339 1109 3424 Τάρ-

105 3467 219 3528 ταρον,
242 3443 533 3526 ἐπισημηνάμενος,
558 3441 615 3506 ἐάν
639 3467 673 3507 τε
697 3444 824 3526 ίάσιμος
847 3442 904 3507 ἐάν
926 3467 960 3508 τε
979 3442 1110 3522 ἀνίατος

46 3559 47 3570 ’
105 3554 190 3633 δοκῇ
221 3544 318 3612 εἶναι·
356 3549 373 3614 ὁ
404 3546 440 3613 δέ
470 3549 572 3614 ἐκεῖσε
603 3544 801 3632 ἀφικόμενος
831 3550 870 3612 τὰ
898 3553 1108 3634 προσήκοντα

46 3633 48 3712 ¹
158 3662 308 3712 Florilegium
324 3662 436 3702 Graecum
451 3663 516 3703 VIII.
938 3660 953 3707 b
