2722 4028
507 206 568 258 XII.
586 205 810 260 ΛΟΤΚΙΔΝΟΣ,
1118 204 1161 268 39

160 373 257 428 τοῦτο
285 359 346 447 μὲν
373 361 428 427 καὶ
455 363 473 428 ὁ
501 361 674 447 ἐλλέβορος
697 364 808 440 ίκανὸς
829 372 962 447 ποιήσαι
987 365 1164 448 ζωρότερος
1277 365 1281 375 ’

160 471 290 546 ποθείς;
1147 509 1152 524 ι

227 571 314 636 ΤΙΜ.
344 570 440 638 Ἀλλά
462 574 601 657 πάντως,
624 568 650 637 ὦ
674 577 811 657 Λυκῖνε,
833 570 888 637 καὶ
911 573 1009 650 αὐτὸς
1030 573 1108 660 εὕξη
1130 598 1162 640 τι
1180 591 1197 640 9

160 680 223 761 ήδη
246 677 336 762 ποτέ,
359 679 403 754 ὡς
421 677 462 742 ἀν
480 678 639 762 μάθωμεν
658 669 712 744 οἷα
730 679 872 761 αἰτήσεις
889 674 1091 763 ἀνεπίληπτα
1108 678 1163 745 καὶ

160 782 342 867 ἀνέγκλητα
365 783 382 849 ὁ
406 794 622 867 συκοφαντῶν
644 786 720 860 τοὺς
743 785 873 860 ἀλλους.

227 887 330 954 ΛΤΚ.
350 885 434 954 Ἀλλ’
458 889 498 954 οὐ
522 887 637 972 δέομαι
658 888 755 973 εὑχής
776 887 853 970 ἐγώ·
889 889 1012 972 ήκομεν
1034 891 1097 973 γάρ
1121 892 1163 974 δή

159 996 243 1077 πρὸς
268 997 305 1060 τὸ
333 983 502 1076 Δίπυλον,
529 992 583 1058 καί
611 994 629 1059 ὁ
656 991 823 1077 βέλτιστος
849 991 962 1058 οὑτοσὶ
990 995 1163 1078 Σάμιππος

160 1098 245 1184 ἀμφὶ
265 1102 449 1183 Βαβυλῶνα
470 1109 684 1183 μονομαχῶν,
705 1096 760 1163 καὶ
784 1099 840 1182 σύ,
864 1094 889 1162 ὦ
917 1102 1069 1183 Τιμόλαε,
1093 1099 1163 1185 ἀρι-

160 1215 247 1270 στῶν
274 1201 335 1288 μὲν
362 1203 397 1269 ἐν
421 1208 546 1290 Συρία,
576 1205 719 1268 δειπνῶν
747 1198 784 1268 δέ
812 1203 848 1268 ἐν
867 1201 988 1291 Ἰταλίᾳ
1014 1203 1069 1270 καὶ
1095 1217 1164 1283 τοῖς

160 1308 234 1394 ἐμοὶ
252 1309 466 1392 ἐπιβάλλουσι
484 1310 631 1384 σταδίοις
647 1311 891 1393 κατεχρήσασθε
909 1314 1016 1386 καλῶς
1028 1321 1163 1376 ποιοῦν-

160 1435 225 1492 τες·
255 1417 362 1490 ἀλλως
383 1437 417 1478 τε
442 1413 503 1479 οὐκ
526 1413 567 1479 ἀν
591 1413 746 1497 δεξαίμην
768 1417 954 1497 πλουτήσας
976 1411 1025 1478 ἐπ’
1048 1415 1163 1498 ὀλίγον

160 1518 342 1604 ὑπηνέμιόν
369 1543 443 1584 τινα
470 1523 615 1584 πλοῦτον
643 1517 801 1583 ἀνιᾶσθαι
829 1515 896 1602 μετ’
924 1518 1039 1601 ὀλίγον
1060 1522 1163 1604 ψιλήν

160 1629 221 1710 τήν
250 1628 353 1710 μᾶζαν
383 1623 523 1707 ἐσθίων,
556 1614 609 1688 οἷα
638 1623 731 1706 ὑμεῖς
759 1625 913 1688 πείσεσθε
940 1620 1007 1707 μετ’
1036 1625 1163 1709 ὀλίγον,

160 1731 294 1796 ἐπειδάν
320 1729 341 1812 ή
369 1729 564 1812 εὐδαιμονία
590 1724 651 1811 μέν
678 1728 758 1811 ὑμῖν
780 1726 835 1792 καὶ
858 1729 876 1794 ὁ
899 1730 1002 1804 πολὺς
1023 1734 1164 1806 πλοῦτος

161 1844 289 1922 οίχηται
318 1833 559 1918 ἀποπτάμενος,
589 1831 683 1898 αὐτοὶ
713 1829 750 1898 δέ
777 1834 976 1916 καταβάντες
1004 1833 1068 1901 ἀπὸ
1096 1845 1163 1900 τῶν

160 1949 341 2025 θησαυρῶν
363 1961 398 2003 τε
420 1935 475 2003 καὶ
499 1937 707 2021 διαδημάτων
731 1938 839 2022 ὥσπερ
863 1937 895 2014 ἐξ
918 1937 1055 2020 ἡδίστου
1078 1939 1163 2005 ὀνεί-

161 2071 258 2133 ρατος
279 2045 494 2129 ἀνεγρόμενοι
512 2042 652 2126 ἀνόμοια
669 2043 708 2106 τδι
727 2040 780 2106 ἐπὶ
798 2052 855 2125 τῆς
872 2045 976 2120 οίκιάς
993 2044 1163 2128 εὑρίσκητε

161 2154 270 2236 ὥσπερ
300 2150 335 2215 οί
361 2151 437 2224 τοὺς
466 2151 612 2231 βασιλεῖς
640 2148 896 2232 ὑποκρινόμενοι
922 2148 1087 2237 τραγῳδοὶ
1114 2149 1163 2228 ἐξ·

160 2261 316 2332 ελθόντες
338 2253 401 2318 ἀπὸ
424 2263 484 2318 τοῦ
505 2253 650 2337 θεάτρου
673 2253 887 2336 λιμώττοντες
909 2255 944 2318 οί
958 2257 1087 2337 πολλοί,
1108 2253 1163 2320 καὶ
1271 2271 1275 2282 “

160 2371 262 2426 ταῦτα
297 2362 360 2446 πρὸ
397 2359 512 2442 ὀλίγον
541 2356 778 2443 Ἀγαμέμνονες
815 2360 906 2435 ὄντες
940 2357 961 2442 ή
993 2357 1162 2441 Κρέοντες.

161 2469 349 2550 λυπήσεσθε
377 2459 455 2547 οὑν,
482 2465 526 2540 ὡς
553 2467 589 2530 τὸ
617 2467 719 2548 είκός,
745 2462 799 2528 καὶ
827 2465 1023 2548 δυσάρεστοι
1045 2466 1162 2530 ἔσεσθε
1182 2481 1216 2528 10

160 2572 201 2636 τά
224 2569 276 2634 ἐπὶ
299 2579 355 2662 τής
373 2571 489 2651 οίκίας,
510 2566 565 2633 καὶ
583 2569 722 2652 μάλιστα
740 2569 793 2652 σύ,
815 2564 842 2632 δ)
866 2570 1018 2650 Τιμόλαε,
1040 2569 1163 2634 ὁπόταν

162 2673 220 2760 δέη
244 2690 279 2739 σε
302 2677 339 2740 τὸ
361 2674 441 2740 αὐτὸ
462 2679 583 2738 παθεῖν
601 2681 645 2760 τῷ
661 2671 787 2759 Ἰκάρῳ,
810 2681 865 2755 τῆς
883 2673 1072 2758 πτερώσεως
1093 2675 1163 2737 δια-

161 2783 320 2863 λυθείσης
345 2781 566 2844 καταπεσόντα
589 2777 624 2842 ἐκ
646 2788 706 2843 τοῦ
729 2778 874 2862 οὐρανοῦ
895 2775 995 2862 χαμαί
1018 2779 1163 2860 βαδίζειν

161 2883 366 2950 ἀπολέσαντα
394 2887 471 2960 τοὺς
498 2885 693 2959 δακτυλίους
719 2881 866 2958 ἐκείνους
892 2883 1036 2958 ἅπαντας
1062 2882 1163 2967 ἀπορ-

161 2988 299 3075 ρυέντας
318 3000 384 3054 τῶν
403 2989 583 3054 δακτύλων.
620 2987 693 3071 ἐμοὶ
712 2985 748 3052 δὲ
766 2986 821 3052 καὶ
839 2997 935 3052 τοῦτο
956 2988 1069 3052 ίκανὸν
1089 2986 1162 3052 ἀντὶ

160 3095 294 3160 πάντων
322 3101 503 3178 θησαυρῶν
530 3091 585 3158 καί
612 3097 812 3178 Βαβυλῶνος
838 3092 936 3175 αὐτῆς
962 3094 999 3157 τὸ
1027 3092 1162 3173 γελάσαι

161 3201 248 3284 μάλα
269 3198 374 3282 ἡδέως
398 3195 447 3282 ἐφ’
472 3189 521 3274 οἷς
542 3198 635 3282 ὑμεῖς
657 3196 796 3284 ήτήσατε
819 3198 981 3273 τοιούτοις
999 3191 1085 3279 οὖσι,
1107 3195 1163 3261 καὶ

160 3315 261 3370 ταῦτα
284 3307 485 3388 φιλοσοφίαν
508 3301 726 3380 ἐπαινοῦντες.
