2722 4028
484 219 530 272 γι.
549 220 805 272 Πκουυεεεοε.
1104 215 1145 280 19

144 385 213 451 νεῑς
238 375 259 458 ἡ
286 377 385 460 φύσις
412 375 568 460 ἀδελφοῖς
594 401 627 442 τε
650 380 732 464 πρὸς
754 377 918 464 ἀδελφούς
941 377 1146 462 ἐμπεποίηκε,

144 476 300 563 κάκείνην
323 480 342 546 δ
365 482 408 564 μὴ
432 485 608 566 σεβόμενος
629 481 712 566 μηδὲ
734 493 837 566 τιμῶν
860 477 923 566 ἀρά
946 506 1019 547 τινα
1036 485 1146 548 πίστιν

146 588 277 664 εὐνοίας
303 599 372 664 τοῖς
399 588 582 674 ἀλλοτρίοις
606 587 758 664 δίδωσιν;
785 582 805 666 ἢ
827 585 922 660 ποῖός
943 586 993 660 τίς
1016 581 1105 647 ἐστιν
1128 583 1146 648 δ

146 695 204 758 τὸν
226 693 357 780 ἑταίρου
379 693 416 758 ἐν
434 693 699 779 φιλοφροσύναις
720 689 775 755 καὶ
797 690 984 774 γράμμασιν
1002 687 1147 773 ἀδελφὸν

145 793 418 879 προσαγορεύων,
446 801 492 881 τῷ
523 791 553 856 δ’
580 791 713 878 ἀδελφῶ
741 788 824 876 μηδὲ
850 793 910 875 την
937 793 1039 877 αὐτὴν
1066 793 1146 859 ὁδὸν

147 901 298 982 οίόμενος
315 899 386 962 δεῖν
399 899 558 981 βαδίζειυ;
582 897 626 974 ὡς
638 899 701 981 γὰρ
716 899 827 963 εἰκόνα
840 909 976 981 κοσμεῖν
990 897 1147 983 ἀδελφοῦ,

147 1006 184 1069 τὸ
209 999 245 1068 δέ
269 1012 360 1086 σῶμα
382 1003 514 1067 τύπτειν
537 1001 591 1067 καὶ
614 1001 865 1089 ἀκρωτηριάζειν
888 1005 1039 1086 μανικόν,
1061 1003 1146 1069 ούτω

147 1109 293 1192 τούνομα
311 1107 468 1192 σέβεσθαι
486 1105 540 1172 καί
558 1117 655 1192 τιμᾶν
672 1107 708 1173 έν
723 1106 855 1192 ἑτέροις,
873 1109 974 1174 αὐτὸν
988 1105 1025 1174 δὲ
1038 1122 1147 1192 μισεῖν

147 1211 202 1278 καί
225 1215 360 1298 φεύγειν
384 1212 443 1296 οὐχ
466 1212 674 1296 ὑγιαίνοντός
697 1213 786 1278 έστιν
804 1211 876 1279 οὐδ’
899 1213 935 1279 ἐν
953 1223 1001 1301 νςό
1019 1216 1147 1282 πώποτε

147 1321 208 1402 τὴν
226 1320 341 1404 φύσιν,
359 1319 403 1394 ὡς
420 1317 603 1401 ἁγιώτατον
619 1317 674 1384 καλ
692 1318 846 1403 μέγιστον
861 1320 962 1405 ίερόν,
980 1323 1147 1404 λαβόντος.

209 1571 267 1637 VI.
289 1551 444 1636 Fraterns
463 1571 581 1636 amoris
605 1573 735 1658 egregia
758 1574 913 1658 quaedam
936 1574 1089 1657 exempla.

368 1700 518 1767 (Plutarch.
535 1700 569 1753 de
587 1699 710 1754 fraterno
730 1717 822 1754 amore
842 1719 864 1754 ο.
881 1702 933 1770 18.)

205 1842 318 1922 ’Ἀξιον
337 1839 374 1908 δέ
389 1841 558 1908 πυθέσθαι
572 1843 748 1928 βαρβάρων
761 1842 914 1928 ἀδελφῶν
929 1844 1147 1928 διαδικασίαν,
1168 1863 1180 1910 1

148 1948 189 2014 ού
211 1947 286 2034 περὶ
313 1950 431 2032 γηδίου
458 1950 590 2035 μερίδος
618 1947 691 2013 οὐδ’
713 1947 759 2014 έτί
783 1948 1004 2036 ἀνδραπόδοις
1026 1949 1045 2032 ἢ
1068 1970 1147 2035 προ-

148 2057 274 2138 βατίοις
295 2051 492 2137 γενομένην,
519 2053 602 2118 ἀλλά
624 2051 699 2139 περὶ
721 2063 778 2137 τῆς
800 2060 941 2139 Περσῶν
962 2055 1146 2139 ἡγεμονίας.

148 2161 295 2244 Δαρείου
324 2159 386 2242 γὰρ
415 2157 642 2234 ἀποθανόντος
669 2160 704 2223 ολ
727 2155 787 2242 μὲν
814 2158 929 2242 ἠξίουν
953 2158 1181 2245 Ἀριαμένηνε

148 2264 335 2348 βασιλεύειν
353 2265 578 2350 πρεσβύτατον
597 2265 676 2328 όντα
694 2272 750 2347 τῆς
767 2274 892 2348 γενεᾶς,
915 2267 950 2331 οἱ
965 2262 1002 2330 δὲ
1022 2264 1147 2350 ,Ξέρξην

145 2367 299 2453 Ἀτόσσης
325 2393 360 2433 τε
387 2371 508 2454 μητρὸς
535 2371 613 2434 όντα
640 2377 696 2452 τῆς
718 2371 833 2453 Κύρου
859 2373 1025 2456 θυγατρὸς
1051 2373 1087 2436 ἔκ
1113 2395 1147 2436 τε

148 2473 296 2561 Δαρείου
323 2475 555 2558 βασιλεύοντος
581 2477 644 2559 ἤδη
660 2473 915 2559 γεγεννημένον.
956 2472 1148 2561 Ἀριαμένης

148 2575 208 2662 μὲν
232 2575 294 2644 οὖν
312 2577 501 2662 κατέβαινεν
520 2578 555 2644 έκ
573 2579 715 2662 Μήδων,
738 2579 778 2645 οὐ
796 2585 988 2664 πολεμικῶς,
1010 2577 1081 2645 ἀλλ’
1104 2581 1149 2657 ὡς

149 2681 202 2748 ἐπὶ
229 2685 325 2766 δίκην
352 2683 488 2768 ησύγως.
534 2683 656 2769 Ξέρξης
683 2681 719 2750 δὲ
746 2686 860 2770 παρὼν
888 2688 1042 2769 ἔπραττεν
1065 2687 1148 2770 ἀπερ

148 2783 191 2872 ἦν
213 2792 345 2873 βασιλεί
359 2791 579 2872 προσηκοντα·
604 2789 761 2867 ἐλθόντος
779 2787 815 2854 δὲ
833 2801 892 2856 τοῦ
910 2791 1057 2877 ἀδελφοῦ
1075 2789 1149 2868 θείς

149 2897 186 2960 τὸ
214 2893 358 2976 διάδημα
385 2891 439 2958 καὶ
461 2895 655 2978 καταβαλὼν
677 2897 737 2979 τὴν
759 2897 890 2980 τιάραν,
919 2897 962 2980 ἣν
984 2907 1147 2981 φοροῦσιν

149 3000 257 3086 ὀρθὴν
280 2999 315 3064 οί
334 2999 575 3082 βασιλεύοντες,
598 2999 783 3085 ἀπήντησεν
802 3001 888 3088 αὐτῷ
907 3003 963 3066 καί
980 3002 1146 3085 ἠσπάσαιο

148 3103 202 3168 καὶ
232 3105 322 3190 δῶρα
350 3101 485 3186 πέμπων
516 3101 684 3170 ἐκέλευσεν
711 3108 814 3172 εἰπεῖν
841 3109 917 3183 τοὺς
943 3111 1146 3192 κομίζοντας·

149 3211 300 3286 Ὓούτοις
323 3205 359 3274 σέ
381 3219 445 3275 νῦν
465 3219 543 3296 τιμᾷ
565 3209 686 3296 Ξέρξης
708 3212 726 3278 ὁ
749 3210 906 3298 ἀδελφός·
930 3212 971 3278 ἀν
994 3209 1032 3278 δέ
1053 3216 1146 3296 βασι-

149 3317 224 3390 λεὺς
246 3319 350 3400 κρίσει
368 3318 422 3380 καί
439 3318 539 3405 ψήφῳ
554 3321 694 3402 Περσῶν
713 3316 934 3404 ἀναγορευθῇ,
957 3319 1077 3383 δίδωσί
1093 3335 1145 3384 σοι

149 3418 291 3508 δευτέρω
313 3419 388 3503 μεθ’
410 3418 526 3486 ἑαυτὸν
549 3417 655 3487 εἶναι’
693 3421 748 3488 καί
771 3419 1010 3509 δἈριαμένης·
1048 3421 1145 3507 ’Ἐγὼ

148 3523 213 3608 δέ’,
231 3527 304 3610 ἔφη,
323 3525 373 3590 (τά
391 3523 451 3610 μὲν
471 3527 560 3610 δῶρα
580 3525 724 3612 δέχομαι,
742 3531 911 3612 βασιλείαν
930 3525 967 3594 δὲ
985 3529 1045 3612 τὴν
1058 3533 1145 3615 Περ-

861 3652 863 3655 .
949 3633 986 3688 2*
