2722 4028
464 212 538 263 xm.
557 211 815 264 ΠΛονεΑΡΧοΣ.
1099 211 1141 274 41

137 370 264 452 χιλίους
287 366 343 432 καὶ
363 369 555 446 διακοσίους
574 371 768 455 στεφάνους,
791 365 838 436 ὧν
857 347 1020 456 συρφετὸν
1039 373 1080 436 ἀν
1097 396 1146 448 τις

137 472 295 556 ἡγήσαιτο
327 476 404 550 τοὺς
432 479 613 551 πλείστους.
661 473 763 540 οὐδὲν
793 471 855 541 οὖν
884 479 1002 542 τούτου
1033 476 1180 560 διαφέ-4

139 596 256 662 ρουσιν
284 579 318 644 οί
343 582 425 664 πρὸς
446 589 555 646 πᾶσαν
579 579 802 665 ἀποδυόμενοι
825 584 995 666 πολιτικὴν
1016 581 1145 666 πρᾶξιν,

139 684 221 748 ἀλλά
243 693 376 750 ποιοῦσι
398 688 564 769 μεμπτοὺς
583 683 722 762 ἑαυτοὺς
738 698 808 763 τοῖς
824 692 969 771 πολλοῖς,
992 687 1145 773 ἐπαχθεῖς

137 812 171 854 τε
200 793 371 872 γίγνονται
398 788 453 855 καί
479 797 722 874 κατορθοῦντες
751 791 945 876 ἐπίφθονοι,
973 792 1035 857 κάν
1063 809 1144 877 σφα-

138 900 252 978 λῶσιν,
276 894 453 980 ἐπίχαρτοι,
476 893 530 959 καὶ
550 897 587 960 τὸ
609 899 862 981 θαυμαζόμενον
880 898 989 962 αὐτῶν
1008 897 1044 962 ἐν
1063 897 1144 982 ἀρχῇ

137 1010 193 1084 τῆς
222 1000 404 1084 ἐπιμελείας
434 1001 481 1076 είς
509 1003 695 1084 χλευασμὸν
727 1002 907 1067 ὑπονοστεῖ
930 1000 984 1066 καὶ
1011 1001 1144 1086 γέλωτα.

138 1117 289 1172 τοιοῦτον
311 1107 348 1170 τὸ

183 1211 363 1296 “Μητίοχος
378 1206 439 1294 μὲν
452 1210 516 1294 γὰρ
532 1223 716 1295 στρατηγεῖ,
733 1215 901 1298 Μητίοχος
915 1209 952 1277 δὲ
965 1213 1022 1289 τάς
1035 1213 1145 1297 ὁδούς,

184 1320 353 1402 Μητίοχος
376 1315 405 1380 δ’
425 1318 545 1402 ἄρτους
568 1316 693 1403 ἐπωπᾷ,
717 1321 885 1401 Μητίοχος
908 1313 945 1382 δὲ
967 1319 1121 1402 τάλφιτα,

184 1425 353 1506 Μητίοχος
376 1418 413 1486 δέ
434 1420 530 1486 πάντ’
547 1421 680 1506 ἀκεῖται,
703 1426 872 1507 Μητίοχος
894 1421 923 1488 δ’
943 1421 1132 1505 οίμώξεται.’

138 1537 204 1590 τῶν
227 1521 428 1607 Περικλέους
455 1519 551 1600 οὗτος
578 1517 625 1600 εἷς
647 1519 690 1607 ἦν
715 1523 855 1609 ἑταίρων
877 1533 915 1610 τῇ
940 1524 983 1590 δι’
1006 1525 1144 1608 ἐκεῖνον,

138 1632 181 1706 ὡς
204 1632 301 1711 έοικε,
324 1629 462 1712 δυνάμει
480 1631 647 1713 χρώμενος
666 1630 860 1715 ἐπιφθόνως
877 1629 932 1695 καὶ
950 1635 1143 1716 κατακόρως.

138 1739 190 1801 δεῖ
206 1732 254 1818 δέ,
273 1735 317 1810 ὥς
334 1751 447 1818 φασιν,
467 1734 583 1820 ἐρῶντι
602 1744 646 1822 τῷ
667 1737 760 1824 δήμω
778 1739 836 1802 τὸν
857 1739 1025 1802 πολιτικὸν
1043 1754 1143 1819 προσ-
1162 1751 1179 1800 ο

137 1840 298 1926 φέρεσθαι
319 1838 374 1904 καὶ
392 1841 436 1923 μη
454 1843 617 1921 παρόντος
637 1839 758 1907 ἑαυτοῦ
776 1846 886 1908 πόθον
905 1842 1142 1908 ἐναπολείπειν·

137 1947 155 2013 ὃ
182 1944 236 2010 καὶ
259 1947 410 2009 Σκιπίων
433 1945 450 2010 ὁ
471 1942 664 2029 Ἀφρικανὸς
692 1945 794 2012 ἐποίει
822 1950 930 2013 πολὺν
957 1951 1080 2032 χρόνον
1107 1951 1143 2013 έν

137 2051 227 2138 ἀγρῷ
248 2051 471 2133 διαιτώμενος,
491 2051 557 2133 ἀμα
575 2048 630 2114 καὶ
649 2061 709 2116 τοῦ
731 2055 864 2136 φθόνου
882 2054 919 2117 τὸ
933 2053 1034 2137 βάρος
1047 2052 1143 2137 ἀφαι-

137 2169 205 2242 ρῶν
228 2153 283 2220 καὶ
306 2155 420 2230 διδοὺς
438 2142 612 2238 ἀναπνοὴν
630 2168 698 2232 τοῖς
716 2155 884 2234 πιέζεσθαι
904 2158 1061 2223 δοκοῦσιν
1078 2158 1142 2224 ὑπὸ

136 2272 192 2346 τῆς
216 2261 344 2325 ἐκείνου
367 2259 472 2342 δόξης.
513 2264 671 2344 Τιμησίας
690 2257 727 2325 δὲ
745 2261 763 2327 δ
783 2261 1007 2346 Κλαζομένιος
1024 2263 1065 2328 τά
1082 2259 1143 2347 μὲν
1162 2279 1178 2327 6

136 2369 219 2431 ἀλλα
245 2361 288 2449 ἦν
315 2363 390 2449 περὶ
417 2365 477 2447 την
504 2368 602 2430 πόλιν
630 2365 714 2451 ἀνηρ
742 2365 882 2450 ἀγαθός,
911 2376 955 2454 τῷ
980 2364 1016 2432 δὲ
1038 2369 1143 2434 πάντα

136 2471 295 2556 πράσσειν
325 2469 368 2535 δι’
399 2468 517 2536 ἑαυτοῦ
545 2473 780 2556 φθονούμενος
807 2473 922 2556 ηγνόει
948 2471 1002 2536 καὶ
1029 2475 1143 2556 μισού-

137 2601 250 2661 μενος,
277 2575 337 2652 έως
364 2576 451 2663 αὐτῷ
476 2575 599 2660 συνέβη
623 2601 656 2642 τι
679 2587 842 2642 τοιοῦτον·
876 2581 992 2662 ἔτυχον
1015 2578 1051 2643 ἐν
1075 2580 1141 2667 ὁδῷ

136 2685 250 2758 παῖδες
277 2681 313 2746 ἐκ
340 2682 462 2746 λάκκου
484 2683 575 2758 τινὸς
598 2681 807 2767 ἀστράγαλον
831 2682 1041 2759 ἐκκόπτοντες
1063 2684 1143 2750 ἐκεί-

135 2813 198 2853 νου
220 2789 404 2872 παριόντος.
446 2781 493 2851 ἀν
516 2788 551 2851 οί
571 2783 631 2870 μέν
657 2789 804 2871 ἔφασκον
827 2785 952 2871 μένειν·
983 2785 1061 2854 ὁδέ
1082 2811 1143 2854 πα-

136 2892 245 2970 τάξας·
278 2891 427 2974 Ὃῧτως’,
450 2887 552 2974 εἶπεν,
576 2891 763 2976 “έκκόψαιμι
791 2895 951 2976 Τιμησίου
974 2897 1032 2960 τὸν
1056 2892 1142 2978 ε’χκέ-

135 3003 255 3082 φαλον,
273 2998 317 3073 ὡς
336 2993 432 3072 οὗτος
447 2997 657 3062 ἐκκέκοπται.’
681 3007 779 3063 τοῦτο
794 2999 812 3064 δ
832 3002 988 3082 Τιμησίας
1002 2999 1144 3078 ἀκούσας

135 3101 190 3166 καὶ
218 3100 328 3178 συνεὶς
354 3104 412 3168 τὸν
440 3103 596 3186 διήκοντα
626 3105 680 3168 διά
707 3103 840 3168 πάντων
869 3103 972 3169 αὐτοῦ
999 3109 1143 3190 φθόνον,

135 3205 341 3293 ἀναστρέψας
359 3209 480 3292 ἔφρασε
499 3210 535 3273 τὸ
554 3217 687 3293 πρᾶγμα
705 3217 744 3293 τη
762 3208 895 3291 γυναικὶ
914 3208 969 3274 καὶ
988 3212 1143 3287 κελεύσας

136 3311 273 3378 ἕπεσθαι
294 3312 600 3398 συνεσκευασμένην
619 3314 722 3390 εὐθὺς
741 3310 804 3380 ἀπὸ
823 3325 891 3378 τῶν
909 3321 1027 3400 θυρῶν
1041 3313 1142 3402 ᾤχετο

135 3414 242 3483 ἀπιὼν
270 3418 305 3484 ἐκ
327 3427 384 3502 τῆς
405 3422 539 3494 πόλεως.
585 3421 670 3487 ἔοικε
694 3415 732 3484 δὲ
755 3417 810 3483 καὶ
835 3423 1054 3503 Θεμιστοκλῆς
1076 3437 1176 3485 τοι-7

135 3524 235 3588 ούτου
267 3527 356 3600 τινὸς
388 3523 597 3600 ἀπαντῶντος
627 3525 714 3610 αὐτῷ
746 3525 833 3609 παρά
862 3535 930 3589 τῶν
955 3522 1142 3607 Ἀθηναίων
