2722 4028
194 202 235 265 12
530 206 576 257 IV.
594 205 851 257 ΠΑΟΤΤΑΡΧΟΣ.

193 361 306 446 σμένοι
328 361 398 428 κατ’
420 361 520 448 ἀρχδις
542 363 715 442 ἀνθρωττοι
738 360 848 449 ρ’ίκουν
871 362 1056 446 σποράδην,
1082 362 1194 438 πόλεις

193 464 230 533 δὲ
253 467 313 532 οὐκ
335 463 432 551 ἦσαν·
457 468 648 534 ἀπώλλυντο
671 463 733 533 οὖν
754 467 819 533 ὑπὸ
842 477 908 532 τῶν
929 469 1059 565 δηρίυν
1082 466 1137 530 διὰ
1155 467 1193 530 τὸ

192 581 339 658 πανταχῇ
363 573 472 638 αὐτῶν
495 571 727 659 ἀσθενέστεροι
745 568 842 657 εἶναι,
863 570 919 637 καὶ
936 572 956 655 ἡ
976 571 1192 656 δημιουργικὴ

192 676 288 763 τέχνη
312 677 423 755 αὐτοῖς
444 681 526 765 πρὸς
548 674 609 762 μὲν
630 677 757 765 τροφὴν
782 678 876 762 ίκανη
895 679 1019 762 βοηθὸς
1036 671 1090 760 ἦν,
1111 677 1194 760 πρὸς

194 780 231 848 δὲ
259 785 318 848 τὸν
347 794 412 848 τῶν
441 787 571 869 θηρίων
599 786 744 869 πόλεμον
774 782 900 867 ένδεης·
936 782 1107 865 πολιτικὴν
1129 781 1192 864 γὰρ

142 899 174 947 10
193 886 312 974 τέχνην
340 889 431 954 οὕτω
459 884 565 974 εἶχον,
591 884 630 972 ἧς
659 887 757 974 μέρος
782 892 948 972 πολεμική.
995 887 1128 970 ἐζήτουν
1151 887 1192 968 δὴ

194 993 409 1080 ἀθροίζεσθαι
435 992 489 1059 καὶ
518 993 679 1080 σῴζεσθαι
705 996 865 1072 κτίζοντες
891 995 1014 1068 πόλεις’
1056 988 1102 1056 ὅτ’
1131 985 1193 1057 οὖν

194 1097 425 1183 ἀθροισθεῑεν,
453 1099 591 1182 ἠδίκουν
622 1099 783 1182 ἀλλήλους
810 1100 865 1164 ἀτε
892 1098 953 1164 οὐκ
980 1100 1107 1183 ἔχοντες
1134 1097 1193 1180 την

193 1205 365 1286 πολιτικὴν
387 1202 516 1288 τέχνην,
539 1204 621 1269 ὥστε
644 1205 743 1269 πάλιν
766 1205 1024 1287 σκεδαννύμενοι
1047 1203 1194 1286 διεφθεί-

194 1332 301 1392 ροντο.
339 1311 422 1384 Ζεὺς
445 1304 508 1374 οὖν
531 1310 641 1386 δείσας
662 1307 736 1394 περὶ
755 1317 799 1396 τςό
818 1308 907 1392 γένει
925 1308 1029 1392 ἡμῶν,
1052 1309 1096 1392 μη
1114 1307 1194 1372 ἀπό-

193 1417 285 1478 λοιτο
307 1422 385 1496 πᾶν,
401 1411 525 1499 Ἑρμῆν
547 1413 665 1498 πέμπει
687 1415 809 1496 ἀγοντα
831 1416 878 1490 εἰς
895 1413 1094 1499 ἀνθρώπους
1111 1413 1193 1476 αίδῶ

192 1517 227 1582 τε
254 1515 309 1582 καὶ
336 1520 449 1604 δίκην,
475 1515 519 1584 ἵν’
549 1515 615 1583 εἶεν
642 1521 771 1584 πόλεων
797 1521 914 1602 κόσμοι
940 1541 974 1583 τε
1001 1516 1056 1582 καὶ
1079 1515 1193 1600 δεσμοὶ

193 1627 304 1707 φιλίας
332 1627 527 1707 συναγωγοί.
573 1623 678 1710 ἐρωτᾷ
705 1619 767 1690 οὖν
785 1621 904 1708 Ἐρμῆς
926 1627 1010 1706 Δία,
1036 1626 1109 1688 τίνα
1132 1617 1194 1687 οὖν

143 1741 174 1788 11
195 1715 319 1812 τ’ρόπον
342 1731 416 1813 δοίη
441 1730 536 1812 δίκην
558 1731 613 1794 καλ
635 1731 717 1794 arec
737 1729 938 1814 ἀνθρώποις·
971 1729 1133 1813 Ἥότερου
1151 1727 1195 1803 ὡς

194 1833 232 1896 αλ
255 1831 365 1918 τέχναι
392 1831 601 1918 νενέμηνται,
628 1835 714 1900 οὕτω
741 1837 795 1900 καί
817 1835 935 1910 ταύτας
957 1837 1073 1918 νείμας
1104 1829 1194 1896 νενέ-

194 1961 312 2022 μηνται
331 1935 368 2003 δέ
387 1933 466 2003 ὧδε·
489 1931 536 2015 εἷς
554 1941 637 2024 ἔχων
657 1941 805 2023 ἰατρικὴν
823 1944 957 2016 πολλοῖς
976 1938 1087 2014 ίκανὸς
1105 1937 1194 2002 ίδιώ-

194 2066 275 2126 ταις,
297 2046 351 2108 καλ
375 2044 410 2108 oi
429 2045 523 2108 ἀλλοι
546 2045 756 2128 δημιουργοί·
778 2041 833 2108 καὶ
856 2045 952 2126 δίκην
975 2044 1016 2126 δη
1039 2040 1093 2106 καὶ
1112 2043 1194 2106 αίδῶ

195 2147 281 2212 οὕτω
310 2155 362 2213 θῶ
392 2147 428 2213 έν
457 2159 525 2224 τοῖς
554 2147 758 2233 ἀνθρώποις,
787 2148 807 2232 ἢ
836 2146 888 2212 ἐπὶ
915 2149 1039 2224 πάντας
1064 2145 1193 2230 νείμω;’

196 2251 281 2317 ”nez
303 2251 454 2334 πάντος’,
483 2255 544 2338 ἔφη
569 2253 586 2318 ὁ
611 2255 709 2336 Ζεύς,
739 2250 808 2317 ’καὶ
834 2253 952 2328 πάντες
979 2254 1194 2337 μετεχόντων·

195 2358 236 2424 οὐ
258 2359 321 2444 γὰρ
344 2357 386 2423 ἀν
408 2356 558 2441 γένοιντο
580 2360 702 2441 πόλεις,
724 2359 755 2422 εί
777 2357 883 2440 ὀλίγοι
904 2356 1012 2422 αὐτῶν
1030 2355 1196 2442 μετέχοιεν

196 2465 303 2548 ὥσπερ
331 2465 441 2528 ἀλλων
467 2475 604 2549 τεχνῶν·
637 2461 692 2528 καὶ
718 2464 823 2546 νόμον
850 2485 888 2554 γε
915 2458 974 2539 θὲς
1000 2460 1075 2547 παρ’
1103 2461 1195 2553 ἐμοῦ,

195 2571 254 2634 τὸν
284 2569 327 2652 μη
351 2569 537 2651 δυνάμενον
560 2570 675 2644 αίδοῦς
696 2565 750 2632 καλ
773 2568 866 2650 δίκης
888 2565 1033 2652 μετέχειν
1054 2571 1196 2633 κτείνειν

196 2675 240 2750 ὡς
261 2676 363 2738 νόσον
385 2673 530 2750 πόλεως’

253 2865 311 2930 IV.
337 2865 520 2950 Principem
542 2864 648 2930 virum
670 2865 808 2930 maxime
830 2866 901 2951 lege
925 2887 961 2930 ec
983 2864 1138 2950 religione

531 2953 723 3018 obstrictum
745 2954 856 3018 ceneri.

216 3072 368 3143 (Plutarch.
386 3073 423 3128 cd
440 3073 557 3144 princip.
576 3072 682 3128 inerud.
702 3090 725 3128 c.
744 3080 768 3129 3.
789 3079 813 3128 4.
833 3080 857 3128 6.
890 3073 924 3128 cf.
942 3072 1010 3128 fasc.
1029 3072 1068 3126 1v
1081 3091 1108 3142 p.
1124 3075 1177 3144 22.)

163 3220 177 3267 1
267 3203 323 3276 Τίς
349 3194 411 3266 οὖν
437 3197 527 3284 ἄρξει
549 3209 608 3264 τοῦ
631 3200 801 3283 ἀρχουτος;
839 3199 857 3264 ὁ
880 3202 996 3282 νόμος,
1023 3199 1040 3264 ὁ
1063 3199 1197 3264 πάντων

197 3307 349 3390 βασιλεὺς
370 3311 504 3370 θνατῶν
526 3328 560 3370 τε
583 3302 638 3369 καὶ
661 3303 850 3387 ἀθανάτων,
872 3304 915 3380 ὡς
934 3307 995 3389 ἔφη
1015 3305 1196 3388 Πίνδαρος,

197 3411 258 3478 οὐκ
277 3409 313 3476 ἐν
331 3413 472 3494 βιβλίοις
490 3409 550 3489 ἔξω
569 3407 792 3495 γεγραμμένος
810 3407 892 3474 οὐδέ
904 3426 969 3474 τισι
984 3408 1103 3492 ξύλοις,
1122 3403 1192 3474 ἀλλ’

198 3519 341 3601 ἔμψυχος
369 3516 415 3580 ὢν
443 3514 479 3580 έν
508 3516 594 3602 αὐτῷ
619 3517 730 3597 λόγος,
758 3512 808 3582 ἀεὶ
830 3525 994 3579 συνοικῶν
1016 3515 1071 3578 καλ
1094 3537 1196 3598 παρα-
