2722 4028
192 193 233 256 26
517 196 590 247 VIII.
608 194 867 246 ΠΔΟΊΤΑΡΧΟΣ.

189 363 267 437 τοῦ,
292 361 330 437 τῇ
358 351 513 439 ἀριστερᾷ
540 350 695 437 δέχεσθαι
721 355 799 428 τοὺς
825 349 1066 437 ἀκροωμένους·
1104 350 1139 415 οί
1159 347 1191 413 δ’

191 457 382 523 ἀπαίδευτοι
411 457 568 533 πολλάκις
593 459 654 541 τήν
681 458 784 542 τύχην
812 455 922 534 δεξιάν
948 453 1193 541 παρισταμένην

192 561 410 647 ἐπαριστέρως
445 562 747 646 μεταλαμβάνοντες
783 561 1042 646 ἀσχημονοῦσιν·
1088 561 1123 625 οί
1156 556 1193 624 δὲ

191 671 360 754 φρόνιμοι,
381 667 531 752 καθάπερ
552 679 622 744 ταῖς
640 671 801 750 μελίτταις
817 664 912 752 φέρει
929 665 1003 752 μέλι
1020 668 1058 732 τὸ
1077 667 1194 750 δριμύ-

191 796 290 838 τατον
312 769 367 836 καὶ
390 771 567 858 ξηρότατον
591 771 608 837 ὁ
631 773 751 855 θύμος,
777 771 880 848 οὕτως
902 770 966 837 ἀπὸ
989 781 1055 836 τῦυ
1078 773 1194 856 δυσχε-

192 877 356 963 ρεστάτων
378 874 578 960 πραγμάτων
596 875 752 952 πολλάκις
770 877 893 941 οἰκεῖόν
912 900 942 941 τι
959 873 1014 940 καὶ
1032 879 1193 962 χρήσιμον

192 982 304 1058 αὐτοῖς
326 980 539 1064 λαμβάνουσι.

156 1103 174 1150 4
262 1091 367 1152 Τοῦτο
391 1080 452 1151 οὖν
476 1087 531 1150 δεῖ
548 1096 680 1170 πρῶτον
703 1085 816 1150 ἀσκεῖν
839 1083 894 1151 καὶ
911 1091 1061 1170 μελετᾶν,
1084 1088 1192 1172 ὥσπερ

192 1193 210 1258 ὁ
233 1201 289 1276 τῆς
315 1193 415 1267 κυνὸς
437 1189 591 1276 ἁμαρτὼν
613 1200 658 1278 τῷ
683 1195 768 1279 λύθφ
791 1189 845 1257 καὶ
868 1193 928 1275 τήν
950 1193 1111 1276 μητρυιάν
1133 1213 1193 1257 πα-

190 1296 300 1375 τάξας·
342 1293 436 1360 Ὃύδ
464 1295 593 1379 οὕτως’,
620 1298 699 1380 ἔφη,
722 1294 860 1372 κακῶς)
901 1295 1003 1374 ἔξεστι
1025 1298 1088 1380 γάρ
1112 1304 1193 1381 μεθ-

192 1402 321 1467 ιστάναι
352 1403 413 1485 τήν
444 1402 547 1486 τύχην
574 1399 610 1465 έκ
637 1412 704 1465 τῶν
731 1400 933 1484 ἀβουλήτων.
980 1401 1192 1487 ἐφυγαδεύθη

191 1507 367 1591 Διογένης·
401 1505 473 1573 οὐδ’
499 1507 585 1572 οὕτω
613 1517 727 1583 κακῶς.
763 1508 882 1592 ήρξατο
910 1509 972 1591 γάρ
995 1513 1191 1593 φιλοσοφεῖν

191 1614 270 1696 μετὰ
292 1615 352 1697 τήν
376 1613 495 1696 φυγήν.
542 1614 674 1696 Ζήνωνι
696 1620 741 1700 τῷ
765 1614 872 1676 Κιτιεῖ
894 1615 952 1695 μία
973 1621 1054 1689 ναῦς
1075 1623 1193 1698 περιῆν

191 1719 368 1804 φορτηγός·
382 1719 572 1800 πυθόμενος
586 1713 623 1781 δέ
636 1718 758 1800 ταύτην
772 1717 977 1802 αὐτόφορτον
987 1717 1193 1783 ἀπολωλέναι

192 1827 471 1906 συγκλυσθεῖσαν·
504 1816 628 1905 Ἓῦγέ,
650 1818 753 1905 εἶπεν,
772 1817 810 1886 (ὦ
828 1823 921 1907 τύχη,
939 1834 1053 1906 ποιεῖς,
1071 1826 1117 1901 είς
1134 1826 1193 1889 τὸν

155 1931 336 2012 στρίβωνα
362 1925 416 1991 καὶ
443 1928 503 2010 τήν
531 1927 631 1992 στοάν
658 1928 906 1992 συνελαύνουσα
928 1926 1032 2011 ἡμᾶς’
1076 1933 1111 1994 τί
1131 1924 1192 1996 οὖν

190 2027 310 2091 κωλύει
340 2033 512 2109 μιμεῖσθαι
542 2029 693 2108 τούτους;
724 2029 828 2116 ἀρχήν
857 2030 1093 2116 παραγγέλλων
1123 2033 1193 2114 διή-

190 2156 322 2218 μαρτες;
340 2131 376 2196 έν
394 2132 484 2220 ἀγρῷ
502 2132 623 2211 διάξεις
641 2133 869 2217 ἐπιμελόμενος
885 2147 953 2202 τῶν
970 2139 1074 2204 ἰδίων.
1110 2137 1193 2202 ἀλλά

191 2242 307 2323 φιλίαν
337 2240 507 2322 μνώμενος
537 2240 696 2324 ἡγεμόνος
724 2240 895 2326 ἀπύσθης;
926 2243 1112 2320 ἀκινδύνως
1137 2241 1192 2308 καὶ

190 2344 407 2432 ἀπραγμόνως
441 2346 556 2432 βιώση.
609 2347 709 2411 πάλιν
745 2345 782 2411 ἐν
817 2349 1005 2433 πράγμασιν
1040 2348 1193 2433 ἀσχολίας

189 2448 302 2536 ἔχουσι
324 2449 379 2516 καὶ
401 2453 582 2536 φροντίδας
603 2451 754 2536 γέγοναςς

218 2552 319 2620 Ὅύδὲ
340 2555 468 2638 θερμὸν
490 2554 582 2637 ὕδωρ
604 2553 742 2618 τοσόνδε
763 2551 867 2635 τέγξει
890 2554 1043 2636 μαλθακά
1065 2553 1166 2637 γνῖα’,

190 2662 271 2726 κατά
293 2661 483 2744 Πίνδαρον,
510 2659 554 2734 ὡς
581 2657 661 2738 δόξᾳ
687 2669 777 2722 ποιεῖ
796 2655 851 2722 καὶ
873 2661 910 2724 τὸ
932 2665 1090 2741 τιμᾶσθαι
1112 2659 1192 2744 μετά

190 2791 281 2842 τινος
308 2765 479 2849 δυνάμεως
506 2763 622 2829 επόνον
648 2763 734 2846 ήδὺν
763 2763 908 2848 κάματόν
934 2761 961 2828 τ’
987 2763 1192 2848 εύκάματον’.

191 2870 275 2936 ἀλλά
296 2894 345 2946 τις
368 2869 552 2953 ἀπήντηκεν
575 2867 611 2934 έκ
634 2870 789 2952 διαβολῆς
811 2868 832 2952 ή
854 2872 988 2952 φθόνου
1012 2870 1192 2954 δυσημερία

191 2974 245 3040 καὶ
273 2978 506 3059 σκορακισμός;
542 2971 595 3038 έπὶ
621 2974 678 3049 τάς
700 2975 840 3050 Μούσας
867 2974 983 3058 ούριον
1005 2976 1042 3039 τὸ
1065 2985 1192 3058 πνεῦμα

191 3079 245 3146 καὶ
265 3082 326 3164 τήν
337 3078 561 3162 Ἀκαδήμειαν,
579 3078 688 3161 ὥσπερ
707 3080 863 3143 Πλάτωνι
885 3076 1096 3163 χειμασθέντι
1117 3078 1193 3164 περὶ

157 3205 174 3252 6
194 3187 255 3270 τήν
277 3187 462 3251 Διονυσίου
485 3187 609 3268 φιλίαν.
654 3185 707 3248 διὸ
729 3180 784 3246 καὶ
806 3192 903 3248 τοῦτο
925 3184 1006 3268 πρὸς
1028 3183 1193 3268 εὐθυμίαν

190 3290 286 3376 μέγα,
308 3293 346 3356 τὸ
368 3292 445 3366 τοὺς
464 3288 618 3367 ἐνδόξους
636 3288 854 3372 ἀποθεωρεῖν,
876 3289 907 3352 εί
923 3284 1026 3372 μηδὲν
1043 3289 1108 3355 ὑπὸ
1126 3301 1193 3356 τῶν

191 3396 301 3462 αὐτῶν
318 3397 534 3460 πεπόνθασιν.
566 3385 639 3459 οἷον
657 3393 793 3458 ἀπαιδία
810 3395 847 3458 τὸ
866 3398 993 3460 λυποῦν
1012 3393 1093 3474 έστι;
1117 3398 1194 3472 τοὺς

192 3513 257 3566 τῶν
271 3499 437 3584 Ῥωμαίων
460 3501 521 3586 ὅρα
542 3502 698 3583 βασιλεῖς,
721 3493 769 3564 ὧν
792 3497 901 3576 οὐδεὶς
922 3499 983 3587 νίρῖ
1006 3499 1066 3582 τήν
1090 3499 1192 3586 ἀρχήν
