2722 4028
473 215 533 266 vn.
552 213 810 268 Πίουεεεεοε.
1102 215 1146 278 23

141 375 292 458 τότερον,
319 370 355 437 ἐκ
381 381 437 456 τῆς
464 373 512 449 είς
539 370 676 450 ἀδοξίαν
698 381 883 458 προτροπῆς
906 372 1006 451 δόξαν
1029 376 1146 440 ἀδικον

140 480 366 562 ποριζόμενος·

274 582 385 648 εΜισῶ
409 584 585 667 σοφιστήν,
609 583 699 659 ὅστις
721 583 781 668 ούχ
804 584 893 670 αὑτῷ
917 584 1039 668 σοφός’

137 685 223 754 Ἀλλ’
247 689 384 772 αίσχρόν
406 686 475 752 έστι
497 689 535 754 τὸ
560 691 628 771 ζῆν,
650 689 706 753 ἵνα
729 687 901 772 ἀγνοῶμεν
923 689 1054 769 πάντες;
1081 689 1180 773 ἐγὼν

142 791 172 858 δ’
199 792 242 858 ἀν
268 799 406 876 εἴποιμι·
443 789 526 876 μηδέ
553 804 659 869 κακῶς
686 795 808 877 βιώσας
830 794 930 877 λάθε,
956 793 1039 860 ἀλλά
1061 797 1147 878 γνώ-

142 905 257 982 σθητι,
284 901 550 983 σωφρονίσθητι,
576 900 793 982 μετανόησον·
826 897 883 964 εἴτ’
909 899 1028 986 ἀρετὴν
1053 903 1147 985 έχεις,

142 1005 186 1087 μη
204 1001 284 1089 γένη
302 1005 473 1088 ἀχρηστος·
496 1010 560 1068 εῖτε
578 1007 707 1087 κακίαν,
725 1005 770 1088 μὴ
784 1008 899 1090 μείνῃς
912 1004 1145 1090 ἀθεράπευτος,

142 1113 284 1174 Μᾶλλον
312 1105 348 1174 δὲ
373 1110 486 1175 διελοῦ
508 1107 562 1174 καὶ
585 1109 752 1192 διόρισον,
779 1113 845 1175 τίνι
868 1119 964 1176 τοῦτο
987 1110 1146 1196 προστάτ-
1165 1126 1180 1173 3

141 1238 215 1292 τεις.
260 1217 292 1279 εί
317 1211 378 1298 μὲν
405 1213 530 1298 ἀμαθεῖ
553 1212 608 1279 καὶ
635 1224 769 1302 πονηρῷ
793 1213 848 1280 καὶ
870 1214 1016 1304 ἀνοήτῳ,
1045 1211 1146 1280 οὐδέν

143 1318 309 1404 διαφέρεις
338 1330 398 1386 τοῦ
428 1317 596 1403 λέγοντος·
641 1320 736 1385 Λάθε
766 1318 820 1384 καὶ
849 1319 1034 1404 πυρέττων,
1063 1321 1147 1386 λάθε

142 1428 351 1510 φρενετίζων,
374 1426 417 1509 μὴ
441 1433 510 1511 γνῷ
535 1441 571 1489 σε
594 1425 612 1491 ὁ
637 1427 759 1508 ἰατρός·
793 1431 843 1490 δθι
866 1425 965 1510 ῥίψας
986 1446 1043 1490 ποι
1065 1427 1147 1490 κατά

143 1533 263 1596 σκότον
286 1533 436 1614 σεαυτόν,
458 1529 682 1614 ἀγνοούμενος
705 1533 768 1594 σὺν
789 1542 858 1606 τοῖς
875 1530 1010 1596 πάθεσι·
1031 1529 1146 1596 καὶσὺ

144 1641 195 1700 δθι
224 1643 262 1720 τῇ
292 1638 388 1723 κακίῳ
417 1638 520 1700 νόσον
543 1634 729 1719 ’ἀνήκεστον
758 1646 867 1701 νοσῶν
897 1634 951 1700 καὶ
978 1634 1147 1722 ὀλέθριον,

144 1740 361 1826 ἀποκρύπτων
383 1743 459 1817 τοὺς
481 1743 644 1825 φθόνους,
666 1742 723 1817 τάς
747 1743 1015 1826 δεισιδαιμονίας,
1038 1742 1146 1827 ὥσπερ

143 1847 235 1922 τινάς
257 1847 440 1930 σφυγμούς,
463 1847 581 1922 δεδιὼς
603 1859 783 1931 παρασχεῖν
806 1857 874 1924 τοῖς
896 1853 1070 1912 νουθετεῖν
1092 1844 1147 1910 καὶ

145 1953 260 2015 ἰᾶσθαι
289 1949 492 2035 δυναμένοις.
537 1953 573 2017 οί
601 1948 638 2016 δέ
667 1953 797 2038 σφόδρα
825 1951 959 2018 παλαιοὶ
988 1950 1042 2018 καὶ
1071 1955 1148 2028 τοὺς

144 2066 325 2132 νοσοῦντας
352 2070 503 2143 φανερῶς
533 2069 694 2145 προῆγον·
729 2060 856 2123 τούτων
885 2055 921 2122 δέ
951 2055 1086 2132 ἕκαστος
1118 2063 1153 2122 εί

144 2184 175 2225 τι
198 2164 389 2246 πρόσφορον
413 2163 481 2246 ἔχοι
505 2162 625 2225 παθὼν
648 2161 748 2237 αὐτὸς
769 2159 790 2244 ἢ
813 2162 964 2225 παθόντα
986 2163 1148 2245 θεραπεύ-

146 2283 218 2349 σας,
247 2269 362 2352 ἔφραζε
389 2272 436 2353 τςθ
464 2263 623 2354 δεομένῳ·
660 2264 716 2330 καὶ
737 2263 855 2350 τέχνην
878 2265 963 2330 ούτω
986 2265 1089 2350 φασὶν
1112 2266 1148 2331 ἐκ

144 2375 257 2456 πείρας
276 2369 573 2458 συνερανιζομένην
592 2371 737 2455 μεγάλην
756 2367 921 2454 γενέσθαι.
949 2373 1017 2435 ἔδει
1037 2371 1077 2454 δὴ
1094 2369 1184 2436 καλε

144 2479 222 2553 τοὺς
238 2478 397 2552 νοσώδεις
415 2479 508 2560 βίους
526 2474 581 2540 καὶ
599 2478 638 2542 τά
657 2487 714 2560 τῆς
732 2485 838 2561 ψυχῆς
855 2477 1032 2560 παθήματα
1047 2485 1148 2541 πᾶσιν

145 2581 370 2666 ἀπογυμνοῦν,
388 2579 442 2645 καὶ
461 2581 570 2664 λέγειν
589 2581 727 2647 ἕκαστον
746 2581 986 2646 ἐπισκοποῦντα
1004 2581 1059 2657 τάς
1079 2585 1149 2645 δια-

145 2684 267 2761 θέσεις·
304 2680 441 2772 Ὀργίζης
479 2697 576 2754 τοῦτο
606 2685 757 2772 φύλαξαι.
804 2689 1006 2769 ζηλοτυπεῖς;
1042 2685 1148 2753 έκεῖνο

145 2795 293 2876 ποίησον.
339 2790 429 2877 έρᾷς;
462 2792 551 2876 κάγώ
574 2791 644 2858 ποτ’
667 2792 833 2877 ἠράσθην,
856 2791 938 2861 ἀλλά
960 2794 1149 2875 μετενόησα.

145 2908 209 2963 νῦν
242 2894 271 2961 δ’
302 2895 518 2982 ἀρνούμενοι,
551 2897 855 2980 ἀποκρυπτόμενοι,
886 2895 1150 2981 περιστέλλοντες
1212 2886 1216 2894 ’

147 3003 374 3088 ἐμβαθύνουσι
396 3003 458 3084 τὴν
480 3008 598 3068 κακίαν
621 3001 757 3078 ἑαυτοῖς.

213 3105 279 3172 Καὶ
307 3108 372 3191 μὴν
397 3112 431 3170 εί
449 3129 485 3189 γε
508 3118 576 3182 τοῖς
597 3118 750 3191 χρηστοῖς
772 3105 953 3171 λάνθάνειν
975 3105 1030 3172 καὶ
1053 3106 1184 3190 &yvo-5

147 3220 258 3278 εῖσθαι
277 3224 458 3296 παραινεῖς,
474 3209 719 3300 Ἐπαμεινώνδᾳ
737 3209 854 3294 λέγεις·
886 3213 946 3294 Μὴ
965 3215 1150 3296 στρατήγει·

147 3316 202 3383 καὶ
225 3320 423 3406 Λυκούργῳ·
450 3320 510 3402 Μὴ
534 3317 723 3403 νομοθέτει·
750 3315 805 3382 καὶ
829 3319 1067 3404 Θρασυβούλῳ·
1090 3320 1150 3402 Μὴ

146 3427 413 3510 τυραννοκτόνει·
441 3423 495 3489 καὶ
518 3427 719 3511 Πυθαγόρα·
747 3424 806 3506 Μὴ
829 3424 976 3488 παίδευε·
1000 3421 1055 3487 καὶ
1077 3427 1151 3488 Σω-

147 3529 271 3614 κράτει·
297 3530 357 3612 Μὴ
381 3529 548 3613 διαλέγου·
578 3527 633 3594 καὶ
655 3537 781 3616 σεαυτῷ
805 3539 946 3612 πρῶτον,
966 3524 1151 3614 Ἐπίκουρε·
