2722 4028
211 198 254 262 38
560 201 621 252 XII.
639 199 863 251 ΛΟΤΚΙΑΝΟΣ.

210 357 359 443 ἀφανοῦς
376 356 497 444 πέτρον
516 357 701 442 ἐμβαλόντα
719 366 757 442 τῇ
774 361 910 442 κεφαλῇ,
928 357 973 432 όις
987 354 1214 440 ἐπιτετρῖφθαι
1344 329 1345 368 ³

209 466 248 530 τὸ
278 467 431 548 κρανίον,
460 464 537 539 τούς
565 486 600 527 τε
630 457 672 527 αὖ
699 466 817 547 φίλους
843 457 881 527 εύ
908 473 1016 526 ποιεῖν
1043 457 1214 544 ἐπιχέαντα

210 566 428 652 κοιμωμένοις
450 568 561 644 αὐτοῖς
583 569 620 632 τὸ
643 571 795 653 χρυσίον·
827 569 882 632 καί
905 567 971 650 μην
993 571 1028 630 εί
1044 588 1093 641 τις
1114 563 1213 648 ὑπερ-

211 677 311 757 όπτης
333 679 383 756 είη
406 673 427 756 ἢ
450 674 611 756 τύραννος
627 674 785 748 πλούσιος
801 672 969 757 ὑβριστής,
991 670 1153 755 ἀράμενος
1171 667 1214 733 ἀν

211 779 313 844 αύτὸν
336 777 416 842 ὅσον
439 776 491 843 ἐπὶ
513 779 667 854 σταδίους
683 785 808 843 είκοσιν
827 777 937 863 ἀφῆκα
954 775 1115 862 φέρεσθαι
1132 774 1214 840 κατὰ

211 895 277 948 τῶν
299 894 463 969 κρημνῶν.
499 894 569 958 τοῖς
591 884 755 959 παιδικοῖς
778 879 816 947 δὲ
834 882 1007 959 ἀκωλύτως
1025 883 1153 966 ὁμιλεῖν
1171 879 1213 944 ἀν

212 989 287 1071 ἐξῆν
314 990 458 1053 εἰσιόντα
481 987 625 1052 ἀθέατον
647 990 839 1072 κοιμίσαντα
862 989 1007 1064 ἅπαντας
1028 988 1109 1052 ἀνευ
1133 984 1213 1050 ἐκεί-

177 1109 193 1156 ε
211 1118 280 1160 νων
302 1097 423 1177 μόνων.
460 1085 533 1158 οἷον
557 1089 588 1157 δ’
610 1093 651 1157 ἀν
671 1092 802 1158 κάκεῖνο
821 1093 875 1177 ἦν,
897 1096 974 1169 τοὺς
991 1097 1213 1175 πολεμοῦντας

213 1198 402 1264 ἐπισκοπεῖν
425 1199 486 1276 ἐξω
505 1201 624 1281 βέλους
641 1197 967 1282 ὑπεραιωρούμενονς
989 1195 1044 1262 καὶ
1061 1199 1093 1262 εί
1110 1195 1217 1274 δόξειέ

211 1327 287 1388 μοι,
317 1302 544 1387 προσθέμενος
573 1302 615 1367 δν
643 1315 713 1378 τοῖς
741 1302 932 1387 ἡττημένοις
960 1307 1109 1387 κοιμίσας
1137 1304 1214 1378 τοὺς

211 1416 412 1493 κρατοῦντας
442 1417 539 1472 νικᾶν
570 1420 727 1492 παρεῖχον
754 1419 823 1484 τοῖς
850 1409 1032 1492 φεύγουσιν
1059 1405 1214 1491 ἀναστρέ-

211 1525 314 1593 ψασιν
337 1512 400 1578 ἀπὸ
423 1522 480 1596 τῆς
501 1523 631 1598 τροπῆς.
675 1511 789 1579 καὶτὸ
812 1513 904 1595 ὅλον,
926 1514 1061 1579 παιδιὰν
1084 1512 1214 1578 ε’ποιού-

211 1643 277 1702 μην
305 1617 347 1682 ἀν
373 1621 432 1683 τὸν
458 1628 525 1683 τῶν
552 1617 740 1700 ἀνθρώπων
767 1620 842 1701 βίον
869 1617 924 1682 καὶ
950 1619 1056 1683 πάντα
1084 1617 1144 1700 ἐμά
1170 1613 1214 1700 ἦν

213 1721 268 1788 καὶ
294 1724 374 1798 θεὸς
401 1722 541 1788 ἐδόκουν
568 1734 637 1798 τοῖς
663 1724 782 1798 ἀλλοις.
827 1731 923 1788 τοῦτο
951 1722 971 1805 ἡ
999 1724 1082 1805 ἀκρα
1105 1722 1214 1787 εὐδαι-

212 1831 311 1912 μονία
334 1825 402 1892 ἐστὶ
421 1829 500 1910 μήτε
519 1824 700 1891 ἀπολέσθαι
719 1829 798 1911 μήτε
817 1825 1095 1911 ἐπιβουλευθῆναι
1114 1829 1214 1893 δυνα-

212 1931 306 2017 μένη,
328 1930 383 1998 καί
406 1932 546 2016 μάλιστα
568 1929 644 2014 μεθ’
666 1931 790 2016 ὑγιείας
812 1930 849 1998 ἐν
871 1941 984 2019 μακρῷ
1008 1941 1052 2020 τῷ
1076 1937 1147 2022 βίςο.
1183 1937 1218 1998 τί

212 2038 254 2104 ἀν
277 2037 455 2120 αίτιάσαιο,
478 2032 503 2100 ὦ
527 2039 666 2121 Λυκῖνε,
689 2047 746 2121 της
768 2038 878 2123 εύχηςς

178 2160 193 2208 ’ί
279 2142 382 2208 ΛΤΚ.
408 2140 528 2225 Ούδέν,
551 2137 577 2205 ὦ
598 2145 751 2226 Τιμόλαε·
775 2139 854 2208 οὐδὲ
876 2143 939 2224 γδιρ
957 2139 1102 2226 ἀσφαλὲς
1119 2141 1215 2208 ἐναν-

212 2255 366 2315 τιοῦσθαι
396 2245 494 2332 ἀνδρί
523 2256 634 2335 πτηνῷ
662 2245 717 2312 καὶ
743 2243 826 2331 ὑπὲρ
854 2251 993 2331 μυρίους
1018 2249 1079 2330 τὴν
1106 2249 1214 2334 ίσχύν,

211 2357 298 2438 πλὴν
321 2352 405 2419 ἀλλὰ
428 2353 532 2418 ἐκεῖνο
556 2352 718 2437 ἐρησομαί
738 2370 787 2436 σε,
809 2359 844 2418 εί
861 2376 935 2417 τινα
953 2355 1055 2418 ἀλλον
1073 2348 1159 2429 εἶδες
1177 2352 1215 2418 ἐν

212 2461 381 2535 τοσούτοις
403 2461 548 2542 ἔθνεσιν,
572 2459 633 2523 ὅσα
655 2456 845 2543 ὑπερέπτης,
869 2456 1007 2540 γέροντα
1025 2459 1088 2541 ἤδη
1107 2459 1214 2543 ἀνδρα

213 2565 298 2631 οὕτω
321 2565 601 2648 παρακεκινηκότα
624 2564 685 2646 τὴν
708 2564 859 2646 γνώμην,
887 2561 939 2628 ἐπί
963 2564 1140 2628 δακτυλίου
1162 2588 1215 2647 μι-

213 2678 295 2753 κροῦ
324 2669 521 2754 ὀχούμενον,
554 2670 614 2753 ὅρη
645 2668 706 2733 ὅλα
734 2679 841 2733 κινεῖν
869 2670 959 2756 ἀκρφ
988 2677 1033 2755 τῷ
1064 2670 1214 2756 δακτύλφ

214 2775 412 2858 δυνάμενον,
436 2772 615 2858 ἐπέραστον
636 2782 727 2856 πᾶσι,
749 2771 804 2837 καὶ
826 2782 927 2838 ταῦτα
945 2775 1116 2858 φαλακρὸν
1134 2775 1215 2838 ὄντα

179 2897 195 2946 8
214 2878 268 2944 καὶ
286 2881 347 2962 την
366 2879 442 2962 ῥῖνα
461 2881 572 2962 σιμόν;
600 2875 680 2964 ἀτάρ
700 2877 772 2943 είπέ
788 2902 844 2962 μοι
861 2877 916 2942 καὶ
929 2880 1016 2962 τόδε,
1034 2882 1070 2943 τί
1081 2880 1123 2962 δή
1136 2900 1215 2944 ποτε

214 2985 274 3070 οὐχ
297 2975 344 3061 εἷς
362 2985 534 3060 δακτύλιος
553 2985 679 3048 ἅπαντα
697 2994 798 3049 ταῦτα
818 2983 958 3048 δύναταί
974 3001 1037 3064 σοι,
1060 2981 1143 3048 ἀλλά
1161 3007 1216 3050 το·

214 3091 353 3165 σούτους
361 3087 579 3174 περιημμένος
587 3090 686 3173 βαδιῇ
700 3091 761 3172 την
775 3085 949 3174 ἀριστερὰν
958 3089 1216 3175 πεφορτισμένος

213 3196 294 3260 κατά
313 3195 476 3259 δάκτυλον
490 3193 562 3272 ἕνας
586 3199 712 3277 μᾶλλον
726 3190 763 3259 δὲ
776 3196 948 3280 ὑπερπαίει
962 3195 981 3261 δ
995 3192 1147 3279 ἀριθμός,
1160 3195 1216 3261 καὶ

214 3303 324 3384 δεήσει
350 3297 405 3364 καὶ
427 3301 488 3383 τὴν
510 3298 621 3376 δεξιάν
644 3303 884 3383 συνεπιλαβεῖν.
931 3304 1037 3366 καίτοι
1060 3297 1133 3376 ἑνὸς
1155 3311 1216 3366 τοῦ

214 3403 473 3487 ἀναγκαιοτάτου
509 3405 663 3486 προσδεῖ,
702 3402 738 3479 ὃς
771 3402 991 3488 περιθέμενόν
1027 3421 1062 3470 σε
1097 3407 1216 3471 παύσει

214 3513 421 3594 μωραίνοντα
443 3511 504 3593 τὴν
527 3510 653 3592 πολλὴν
676 3509 798 3590 ταύτην
821 3512 963 3592 κόρυζαν
986 3507 1157 3588 ἀποξύσας.
1193 3509 1215 3594 ἢ
