2722 4028
196 217 241 282 40
522 219 597 271 XIII.
616 216 873 271 ΠΛΟΤΤΑΡΧΟΣ.

196 446 288 512 ΧΙΠ.
308 445 385 512 Νοιι
403 447 512 512 omnia
529 447 586 511 uni
605 446 668 512 civi
687 447 810 531 agenda
829 468 898 510 esse
915 446 1049 532 negotia
1060 447 1200 530 publica,

248 579 287 590 -
312 543 474 626 insserdum
497 546 606 606 tamen
628 543 681 651 νεὶ
704 542 816 652 οΗεοὶε
840 542 981 627 negofiis
1004 541 1054 606 fas
1077 563 1146 606 esse

577 659 611 702 se
633 660 821 703 1mm1scere.

198 759 349 830 (Plutarch.
359 760 512 828 praecepta
520 757 660 827 gerendae
670 757 788 827 reipubl.
799 773 822 814 ο.
834 763 875 813 15.
886 764 928 812 23.
943 757 977 812 cf.
987 757 1055 813 fasc.
1064 757 1103 810 IV
1111 775 1138 826 p.
1146 760 1200 828 22.)

165 918 179 964 1
265 905 440 977 Πολιτείας
462 902 498 966 οί
517 898 578 984 μὲν
598 903 645 977 είς
663 903 750 965 λίπαυ
769 900 943 965 ἐνδύονται
961 898 1069 994 μέρος,
1092 901 1199 986 ὥσπερ

199 1007 362 1089 ὀΚιίτιον,
380 1007 535 1090 οὐδεμιᾶς
553 1005 719 1083 ἀξιοῦντες
737 1007 784 1082 είς
803 1006 945 1088 δύναμιν
964 1003 1200 1070 ἀπολείπεσθαι

192 1113 376 1197 Ιφροντίδος
403 1107 475 1176 οὐδ’
506 1110 687 1194 ἐπιμελείας
713 1112 772 1176 τὸν
799 1109 928 1193 ἀγαθὸν
955 1113 1101 1193 πολίτην.
1146 1109 1201 1175 καλ

198 1219 257 1282 τὸν
280 1213 546 1300 Ἐπαμεινώνδαν
575 1215 767 1281 ἐπαινοῦσιν
774 1264 784 1298 ,
814 1215 864 1279 ὅτι
893 1217 1012 1302 φθόνῳ
1039 1214 1094 1279 καλ
1119 1218 1201 1301 πρὸς

199 1323 298 1406 ὕβριν
329 1320 539 1406 ἀποδειχθεὶς
567 1320 737 1405 τελέαρχος
765 1319 829 1385 ὑπὸ
859 1331 925 1385 τῶν
956 1323 1110 1404 Θηβαίων
1141 1321 1202 1386 οὐκ

200 1426 377 1511 ἠμέλησεν,
404 1423 476 1491 ἀλλ’
499 1428 616 1510 είπών,
644 1427 687 1502 ὡς
709 1425 750 1490 οὐ
773 1428 878 1508 μόνον
900 1424 982 1510 ἀρχή
1006 1427 1111 1509 ἄνδρα
1135 1427 1201 1491 δεί-

199 1548 333 1616 κνυσιν,
363 1531 446 1596 ἀλλὰ
472 1530 527 1596 καὶ
554 1531 659 1617 ἀρχήν
686 1529 786 1615 ἀνήρ,
814 1532 863 1606 είς
888 1529 970 1613 μέγα
997 1528 1051 1594 καὶ
1079 1533 1202 1614 σεμνὸν

199 1637 325 1721 ἀξίωμα
338 1639 504 1721 προήγαγε
518 1637 578 1718 τήν
592 1640 793 1721 τελεαρχίαν,
807 1631 908 1700 οὐδὲν
922 1629 1026 1700 οὖσαν
1039 1639 1201 1722 πρότερον

200 1740 272 1806 ἀλλ’
292 1741 313 1824 ή
335 1739 410 1826 περὶ
432 1743 510 1816 τοὺς
533 1744 718 1816 στενωποὺς
736 1740 872 1824 ἐκβολῆς
889 1743 1036 1824 κοπρίων
1053 1739 1108 1804 καὶ
1127 1741 1202 1826 ῥεν·

165 1847 312 1932 εμιίτυυ
339 1845 524 1928 ἀποτροπῆς
552 1843 737 1929 ἐπιμέλειάν
763 1868 847 1909 τινα.
892 1844 996 1930 ἕτεροι
1023 1841 1060 1909 δὲ
1086 1849 1202 1929 σεμνό-

200 1975 297 2038 τερον
320 1957 445 2016 οἴονται
467 1949 522 2015 καὶ
545 1948 886 2036 μεγαλοπρεπέστερον
904 1945 1043 2015 εἶναιτὸ
1062 1959 1122 2016 τοῦ
1135 1955 1202 2014 Πε-

202 2056 364 2143 ρικλέους·
401 2051 448 2121 ὧν
479 2053 534 2120 καὶ
562 2059 744 2136 Κριτόλαός
771 2055 860 2121 ἐστιν
887 2055 905 2121 ὁ
933 2059 1202 2141 Περιπατητικός,

202 2161 318 2246 ἀξιῶν,
346 2162 454 2241 ὥσπερ
477 2160 498 2243 ή
522 2165 708 2245 Σαλαμινία
730 2171 812 2237 ναῦς
831 2158 989 2246 Ἀθήνησι
1012 2159 1108 2244 καλή
1131 2162 1202 2225 Ποί-

203 2274 301 2352 ραλος
323 2267 384 2333 οὐκ
407 2264 460 2331 ἐπὶ
481 2275 548 2331 πᾶν
571 2269 681 2351 ἔργον,
704 2263 775 2330 ἀλλ’
800 2263 853 2330 ἐπὶ
874 2266 931 2340 τὰς
953 2261 1131 2347 ἀναγκαίας
1147 2265 1202 2331 καὶ

202 2373 343 2457 μεγάλας
374 2383 581 2437 κατεσπῶντο
610 2370 756 2456 πράξεις,
788 2371 892 2446 οὕτως
921 2367 1024 2456 ἑαυτῷ
1054 2373 1135 2452 πρὸς
1162 2373 1202 2435 τὰ

202 2479 385 2563 κυριώτατα
407 2475 461 2541 καλ
484 2475 619 2561 μέγιστα
641 2482 796 2561 χρῆσθαι,
819 2475 863 2552 ὡς
886 2475 903 2540 ὁ
922 2485 982 2540 τοῦ
999 2477 1126 2559 κόσμου
1144 2481 1202 2560 βα-

202 2585 323 2660 σιλεύς·

589 2688 679 2754 εΤῶν
702 2690 786 2771 ἄγαν
808 2688 871 2774 γὰρ
895 2688 1027 2752 ἅπτεται
1144 2764 1148 2772 ¹

258 2797 260 2804 ’
333 2796 428 2874 θεός,
450 2795 490 2856 τδ
513 2795 610 2877 μικρὰ
635 2792 664 2858 δ’
688 2795 734 2871 είς
756 2794 858 2880 τύχην
881 2789 977 2876 ἀφεὶς
999 2789 1060 2877 ἐᾷ’,

166 2917 182 2966 3
202 2901 282 2964 κατὰ
304 2901 363 2964 τὸν
385 2899 580 2982 Εὐριπίδην.
618 2895 696 2962 οὐδὲ
718 2900 781 2983 γὰρ
803 2907 862 2964 τοῦ
886 2894 1069 2981 Θεαγένους
1089 2897 1126 2960 τὸ
1149 2919 1202 2979 φι-

202 3009 337 3088 λότιμον
360 3006 444 3087 ἄγαν
470 3000 524 3066 καλ
556 3004 731 3085 φιλόνικον
754 3003 962 3086 ἐπαινοῦμεν,
985 3001 1021 3078 ὃς
1039 3000 1080 3065 οὐ
1098 3003 1203 3083 μόνον

201 3111 262 3194 τήν
280 3111 437 3193 περίοδον
454 3109 643 3192 νενικηκώς,
667 3103 750 3171 ἀλλὰ
767 3106 822 3172 καλ
839 3109 981 3181 πολλοὺς
999 3103 1139 3188 ἀγῶνας,
1162 3109 1203 3169 οὐ

201 3218 389 3303 παγκρατίῳ
413 3217 533 3298 μόνον,
561 3211 644 3277 ἀλλὰ
666 3210 721 3276 καλ
743 3220 853 3295 πυγμῇ
876 3209 930 3274 καὶ
954 3212 1085 3296 δολίχῳ,
1112 3207 1205 3284 τέλος

201 3321 292 3408 ήρῷα
316 3321 459 3384 δειπνῶν
482 3317 655 3401 ἐπιταφίου
678 3317 782 3397 τινός,
810 3315 918 3396 ὥσπερ
942 3314 1069 3396 εἰώθει,
1090 3334 1204 3399 προτε-

201 3429 317 3509 θείσης
335 3425 436 3489 ἅπασι
454 3433 510 3506 τῆς
528 3423 661 3508 μερίδος
679 3415 889 3501 ἀναπηδήσας
903 3418 1204 3503 διεπαγκρατίασεν,

202 3531 247 3606 ὡς
269 3526 390 3594 οὐδένα
412 3537 508 3590 νικᾶν
532 3525 610 3591 δέον
632 3524 734 3590 αὐτοῦ
756 3525 930 3608 παρόντος·
961 3521 1043 3586 ὅθεν
1065 3524 1203 3608 ήθροισε
