2722 4028
194 195 235 258 26
520 197 592 248 VIII.
611 195 869 246 ΠΑΟΤΤΔΡΧΟΣ.

192 365 269 438 τοῦ,
295 362 333 438 τῇ
360 353 515 440 ἀριστερᾷ
542 351 698 438 δέχεσθαι
724 355 801 428 τοὺς
827 349 1069 437 ἀκροωμένους·
1106 349 1141 414 οί
1162 347 1194 413 δ’

193 459 385 524 ἀπαίδευτοι
413 458 571 534 πολλάκις
596 460 657 542 τήν
684 459 786 543 τύχην
814 455 924 534 δεξιὰν
951 453 1197 541 παρισταμένην

194 562 413 650 ἐπαριστέρως
448 563 750 648 μεταλαμβάνοντες
786 561 1044 647 ἀσχημονοῦσιν·
1090 561 1125 625 οί
1159 556 1196 624 δὲ

193 673 362 756 φρόνιμοι,
384 669 533 753 καθάπερ
554 679 625 745 ταῖς
642 671 804 752 μελίτταις
820 665 914 753 φέρει
932 665 1006 751 μέλι
1024 668 1060 732 τὸ
1079 667 1197 750 δριμύ-

193 798 293 840 τατον
314 771 369 838 καὶ
392 772 570 858 ξηρότατον
593 772 611 838 ό
634 773 754 856 θύμος,
779 772 883 848 οὕτως
905 771 969 838 ἀπὸ
991 782 1058 836 τῶν
1081 773 1197 856 δυσχε-

194 879 359 964 ρεστάτων
381 876 581 962 πραγμάτων
598 876 755 952 πολλάκις
773 878 896 942 οίκεῑόν
913 900 945 941 τι
962 874 1016 941 καὶ
1035 879 1195 962 χρήσιμον

194 984 306 1060 αὐτοῖς
328 982 542 1067 λαμβάνουσι.

158 1105 176 1152 4
265 1093 369 1154 Τοῦτο
393 1082 455 1153 οὖν
479 1089 533 1152 δεί
551 1097 683 1172 πρῶτον
706 1085 820 1152 ἀσκεῑν
842 1084 897 1151 καὶ
914 1091 1063 1170 μελετᾶν,
1086 1087 1195 1171 ὥσπερ

195 1195 212 1260 ὁ
236 1203 292 1278 τής
317 1195 417 1269 κυνὸς
440 1190 594 1276 ἁμαρτὼν
616 1201 661 1279 τῷ
685 1196 771 1279 λίθφ
794 1189 848 1257 καὶ
870 1193 931 1276 τήν
953 1193 1113 1276 μητρυιὰν
1136 1213 1196 1256 πα-

193 1298 303 1376 τάξας·
345 1295 439 1362 “ούδ’
467 1296 595 1380 οὕτως’,
622 1299 702 1381 έφη,
725 1296 863 1373 “κακῶς.’
904 1296 1006 1374 ἔξεστι
1028 1297 1091 1381 γάρ
1115 1304 1196 1380 μεθ·

195 1404 323 1468 ιστάναι
355 1404 415 1486 τήν
447 1403 550 1487 τύχην
577 1400 613 1466 έκ
640 1412 707 1466 τῶν
734 1400 935 1485 ἀβουλήτων.
983 1401 1194 1486 ἐφυγαδεύθη

194 1509 370 1592 Διογένης·
404 1506 476 1574 οὐδ’
502 1508 588 1574 ούτω
616 1518 730 1584 κακῶς.
766 1508 885 1592 ήρξατο
913 1509 975 1592 γάρ
998 1512 1194 1592 φιλοσοφεῖν

194 1616 273 1698 μετὰ
295 1616 355 1698 τήν
379 1614 499 1698 φυγήν.
545 1615 678 1696 Ζήνωνι
699 1621 744 1700 τῷ
768 1614 875 1677 Κιτιεῖ
897 1616 955 1696 μία
976 1622 1057 1689 ναῦς
1078 1623 1195 1698 περιῆν

194 1721 371 1805 φορτηγός·
385 1721 575 1801 πυθόμενος
589 1714 626 1782 δέ
639 1719 761 1800 ταύτην
775 1717 980 1804 αὐτόφορτον
990 1717 1196 1783 ἀπολωλέναι

195 1828 474 1908 συγκλυσθεῖσαν·
507 1817 631 1906 Ἓύγέ,
653 1819 756 1906 εἶπεν,
776 1817 813 1886 Ἧι
831 1824 924 1907 τύχη,
942 1834 1056 1906 ποιεῖς,
1074 1826 1121 1900 είς
1137 1826 1196 1889 τὸν

158 1933 338 2014 οτρίβωνα
365 1926 419 1992 καὶ
446 1929 506 2011 τήν
534 1928 634 1993 στοάν
662 1929 910 1992 συνελαύνουσα
931 1926 1035 2010 ἡμᾶς’
1080 1933 1114 1993 τί
1134 1923 1195 1994 οὖν

193 2029 313 2094 κωλύει
343 2035 515 2112 μιμεῖσθαι
545 2030 696 2109 τούτους;
728 2029 831 2116 ἀρχήν
860 2030 1096 2115 παραγγέλλων
1126 2032 1196 2113 διή-

193 2158 324 2219 μαρτες;
343 2133 379 2198 έν
397 2133 487 2222 ἀγρῷ
506 2133 626 2212 διάξεις
644 2134 873 2218 ἐπιμελόμενος
889 2148 956 2202 τῶν
973 2139 1077 2204 ἰδίων.
1113 2136 1196 2200 ἀλλά

194 2244 310 2324 φιλίαν
340 2241 511 2323 μνώμενος
541 2241 699 2325 ἡγεμόνος
728 2241 898 2326 ἀπύσθης;
930 2243 1115 2319 ἀκινδύνως
1140 2240 1196 2306 καὶ

194 2345 410 2433 ἀπραγμόνως
445 2347 559 2433 βιώσῃ.
612 2348 713 2412 πάλιν
748 2345 786 2411 έν
820 2349 1009 2434 πράγμασιν
1043 2347 1196 2433 ἀσχολίας

192 2450 306 2538 έχουσι
327 2451 382 2518 καὶ
405 2455 585 2538 φροντίδας
607 2452 758 2536 γέγονας;

221 2554 323 2622 Ὅύδέ
343 2557 472 2640 θερμὸν
494 2555 586 2638 ὕδωρ
608 2553 745 2619 τοσόνδε
767 2551 871 2636 τέγξει
893 2554 1046 2636 μαλθακὰ
1068 2553 1169 2637 γυῖα’,

194 2664 275 2728 κατὰ
297 2663 487 2744 Πίνδαρον,
513 2660 557 2736 ὡς
585 2658 664 2740 δόξᾳ
691 2669 781 2723 ποιεῖ
800 2655 855 2723 καὶ
877 2661 913 2724 τὸ
936 2665 1094 2743 τιμᾶσθαι
1116 2659 1196 2742 μετά

194 2791 284 2843 τινος
311 2766 482 2850 δυνάμεως
510 2764 626 2830 επόνον
651 2764 738 2847 ήδὺν
766 2764 911 2849 κάματόν
937 2761 965 2828 τ’
990 2763 1195 2847 εύκάματον’.

195 2871 278 2938 ἀλλά
300 2894 349 2947 τις
372 2870 556 2954 ἀπήντηκεν
579 2868 614 2934 έκ
637 2871 793 2953 διαβολής
815 2868 835 2952 ή
858 2872 991 2953 φθόνου
1016 2870 1195 2954 δυσημερία

194 2975 249 3042 καὶ
277 2979 510 3060 σκορακισμός;
546 2972 599 3038 ἐπὶ
625 2976 682 3050 τὰς
704 2975 844 3050 Μούσας
871 2975 986 3058 ούριον
1008 2975 1045 3039 τὸ
1068 2984 1196 3058 πνεῦμα

194 3081 249 3148 καὶ
269 3083 330 3165 τήν
341 3079 565 3163 Ἀκαδήμειαν,
583 3079 691 3162 ὥσπερ
711 3079 866 3144 Πλάτωνι
889 3075 1099 3163 χειμασθέντι
1121 3077 1197 3163 περὶ

161 3207 178 3254 σ
198 3190 259 3272 τήν
281 3189 466 3252 Διονυσίου
489 3188 613 3269 φιλίαν.
658 3186 711 3249 διὸ
733 3181 788 3248 καὶ
809 3193 907 3248 τοῦτο
929 3184 1010 3268 πρὸς
1032 3183 1197 3268 εὐθυμίαν

197 3291 290 3378 μέγα,
313 3293 350 3357 τὸ
372 3293 449 3366 τοὺς
468 3289 622 3368 ἐνδόξους
640 3289 857 3372 ἀποθεωρεῖν,
880 3289 911 3352 εί
927 3284 1030 3372 μηδέν
1048 3288 1112 3354 ὑπὸ
1131 3301 1197 3354 των

196 3397 305 3463 αὐτῶν
323 3398 538 3462 πεπόνθασιν.
570 3386 643 3460 οἷον
661 3393 796 3460 ἀπαιδία
814 3395 851 3458 τὸ
870 3398 998 3459 λυποῦν
1016 3392 1097 3473 έστι;
1121 3397 1197 3470 τοὺς

196 3515 262 3568 τῶν
275 3500 441 3584 Ῥωμαίων
464 3501 525 3586 δρα
547 3503 702 3584 βασιλεῖς,
725 3494 772 3564 ὧν
795 3497 905 3575 οὐδεὶς
925 3499 987 3586 υίςῦ
1010 3499 1071 3581 τήν
1094 3499 1197 3585 ἀρχήν
