2722 4028
202 203 244 266 58
523 206 607 258 xvn.
627 205 883 258 mompxoz.

201 360 256 428 καὶ
279 360 520 446 Δημοσθένους
542 362 736 439 ἐκπεσόντος
758 362 793 427 έν
816 372 861 450 τῷ
886 365 978 452 δημιμ
1001 361 1055 428 καλ
1078 359 1207 447 βαρέως

202 465 362 551 φέροντος
384 469 533 546 ἅψασθαι
556 471 697 532 παλαιόν
719 491 794 534 τινα
817 467 956 551 γέροντα
978 479 1044 532 τῶν
1066 467 1206 552 ἀκηκοό-

201 596 268 636 των
291 571 491 656 Περικλέους
517 571 571 637 καὶ
598 574 718 656 είπεῖν,
746 574 790 649 ὡς
818 571 932 660 ἐκείνῳ
959 570 1074 657 τάνδρὶ
1101 588 1204 656 προσ-

201 677 315 752 εοικὼς
337 679 398 762 τὴν
420 678 523 762 φύσιν
543 677 583 743 οὐ
602 679 735 754 δικαίως
753 679 855 748 αὑτοῦ
873 676 1085 760 κατέγνωκεν.
1116 677 1203 744 οὕτω

202 778 240 846 δὲ
261 779 316 846 καὶ
344 784 509 865 Τιμόθεον
531 781 714 867 Εὐριπίδης
737 786 971 868 συριττόμενον
995 780 1048 847 ἐπὶ
1070 792 1108 868 τῇ
1131 806 1201 846 και-

107 883 108 888 ’
201 891 339 974 νοτομίρ
370 885 424 952 καὶ
455 898 659 971 παρανομεῖν
688 890 736 965 είς
761 889 822 970 τὴν
849 889 1019 972 μουσικὴν.
1039 889 1202 953 δοκοῦντα

202 998 342 1076 θαρρεῖν
366 991 535 1058 ἐκέλευσεν
553 993 597 1070 ὡς
615 992 729 1076 ὀλίγον
747 997 870 1077 χρόνον
888 1004 955 1057 τῶν
974 992 1125 1076 θεάτρων
1143 989 1197 1055 ὑπ’

202 1096 289 1183 αὐτῷ
313 1096 553 1181 γενησομένων.

166 1213 183 1261 8
268 1204 428 1267 Καθόλου
456 1200 508 1284 δέ,
536 1203 643 1288 ὥσπερ
672 1202 708 1267 ἐν
738 1204 835 1287 Ρώμη
863 1214 933 1279 ταῖς
950 1201 1094 1268 Ἑστιάσι
1121 1224 1202 1282 παρ-

201 1303 316 1382 θένοις
338 1316 397 1372 τοῦ
419 1310 541 1392 χρόνον
565 1308 734 1391 διώρισται
756 1309 793 1372 τὸ
812 1303 873 1391 μὲν
891 1307 1088 1391 μανθάνειν,
1109 1309 1146 1372 τὸ
1165 1303 1202 1371 δέ

203 1412 287 1494 δρᾶν
309 1412 348 1476 τά
370 1410 600 1495 νενομισμένα,
621 1414 658 1477 τὸ
678 1408 715 1476 δὲ
732 1415 843 1496 τρίτον
860 1413 923 1495 ἤδη
943 1411 1124 1476 διδάσκειν·
1148 1410 1201 1476 καὶ

202 1527 268 1580 τῶν
292 1515 328 1580 ἐν
343 1513 468 1604 Ἐφέσῳ
486 1515 561 1601 περὶ
578 1514 804 1601 κύν”Αρτεμιν
822 1516 942 1600 ὁμοίως
960 1514 1098 1600 ἑκάστην
1111 1521 1202 1581 Μελ-

202 1618 316 1704 λιέρην
333 1622 530 1704 τὸπρῶτον,
554 1616 616 1686 εἷθ’
635 1619 758 1706 Ἱέρην,
780 1624 816 1686 τὸ
841 1617 877 1686 δέ
900 1625 1009 1702 τρίτον
1032 1620 1202 1706 Παριέρην

201 1730 374 1790 καλοῦσιν·
393 1725 497 1801 ούτως
515 1725 533 1790 6
551 1724 669 1802 τελέως
686 1728 852 1802 πολιτικὸς
865 1725 949 1810 άνηρ
963 1727 1002 1790 τά
1016 1723 1077 1810 μὲν
1089 1738 1202 1808 πρῶτα

201 1829 384 1914 μανθάνων
403 1831 450 1892 ἔτι
468 1830 672 1893 πολιτεύεται
690 1825 744 1894 καὶ
762 1831 959 1913 μυούμενος,
976 1832 1016 1895 τά
1034 1829 1064 1896 δ’
1083 1834 1202 1915 ἔσχατα

124 1957 130 1970 “
166 1933 370 1998 οδιδάσκων
403 1931 456 1997 καὶ
488 1945 721 2016 μυσταγωγῶν.
766 1937 803 2000 τὸ
835 1931 895 2020 μέν
927 1936 989 2020 γάρ
1019 1935 1202 2002 ἐπιστατεῖν

201 2038 367 2103 ἀθλοῦσιν
394 2035 516 2123 ἑτέροις
543 2038 604 2102 οὐκ
626 2041 716 2103 ἔστιν
739 2040 841 2105 αὐτὸν
864 2039 994 2104 ἀθλεῖν·
1027 2041 1045 2106 6
1068 2038 1105 2105 δὲ
1126 2063 1201 2107 παι-

202 2146 365 2229 δοτριβῶν
401 2140 479 2208 νέον
515 2141 552 2208 έν
587 2144 752 2228 πράγμασι
789 2155 913 2221 κοινοῖς
944 2143 998 2209 καὶ
1031 2146 1202 2229 δημοσίοις

200 2249 304 2330 άγῶσι
327 2245 381 2312 καλ
404 2248 657 2332 παρασκευάζων
679 2257 718 2334 τῇ
740 2251 873 2330 πατρίδι

266 2353 413 2418 (Μόθων
435 2376 469 2417 τε
492 2348 604 2438 ῥητῆρ’
626 2356 738 2436 ἔμεναι
759 2354 927 2437 πρηκτῆρά
949 2377 982 2418 τε
1005 2354 1124 2439 ἔργων’

201 2458 237 2523 έν
267 2459 307 2524 ού
340 2467 443 2544 μικρῷ
476 2456 565 2541 μέρει
598 2462 762 2535 πολιτείας
791 2455 868 2524 οὐδὲ
898 2461 1013 2547 φαύλῳ
1043 2463 1201 2544 χρήσιμός

201 2563 305 2645 ἐστιν,
334 2561 405 2628 ἀλλ’
434 2565 480 2639 είς
510 2563 528 2627 6
559 2563 697 2646 μάλιστα
724 2565 779 2628 καί
805 2576 935 2648 πρῶτον
963 2565 980 2630 6
1005 2568 1201 2649 Λυκοῦργος

200 2668 344 2744 ἐντείνας
376 2667 493 2734 ἑαυτὸν
525 2675 631 2734 εἰθισε
660 2672 738 2746 τοὺς
765 2667 877 2753 νέους,
907 2667 1005 2734 παντὶ
1033 2672 1199 2756 πρεσβύτῃ

150 2791 182 2836 10
201 2775 351 2860 καθάπερ
379 2773 545 2860 νομοθέτη
568 2773 787 2858 πειθομένους
810 2777 981 2840 διατελεῖν.
1027 2773 1096 2840 ἐπεὶ
1118 2777 1200 2858 πρὸς

198 2883 233 2944 τί
248 2878 370 2962 βλέψας
389 2880 406 2945 6
426 2880 623 2963 Λύσανδρος
641 2875 742 2963 εἶπεν,
764 2881 807 2956 ὡς
825 2880 862 2944 έν
880 2881 1103 2964 Λακεδαίμονι
1121 2881 1197 2944 κάλ-

198 2989 292 3049 λιστα
319 2996 481 3069 γηρῶσιν;
519 2979 570 3069 ἆρ’
594 2985 643 3049 ὅτι
665 2995 822 3068 γεωργεῖν
846 2984 948 3062 ἔξεστι
971 2985 1108 3068 μάλιστα
1130 2995 1199 3062 τοῖς

198 3088 429 3173 πρεσβυτέροις
453 3089 521 3155 ἐκεῖ
540 3087 594 3154 καὶ
613 3091 772 3168 δανείζειν
790 3089 810 3173 6
829 3091 981 3173 κυβεύειν
1000 3092 1165 3172 συγκαθεζ
1185 3131 1198 3140 -
1250 3093 1253 3098 '

198 3193 318 3278 μένους
345 3194 365 3277 6
392 3198 502 3259 πίνειν
530 3193 566 3258 έν
593 3195 663 3280 ὥρα
689 3196 907 3278 συνάγοντας;
933 3194 994 3258 οὐκ
1017 3193 1058 3258 διν
1081 3201 1198 3271 εῖποις·

198 3298 270 3364 ἀλλ’
297 3299 346 3364 ότι
373 3301 497 3384 τρόπον
524 3299 597 3363 τινὰ
624 3298 742 3375 πάντες
764 3300 800 3364 οί
818 3303 1004 3382 τηλικοῦτοι
1027 3297 1118 3376 τάξιν
1141 3299 1198 3384 ἆρ-

198 3408 325 3490 χόντων
352 3406 373 3487 6
401 3429 502 3470 τινων
532 3407 749 3488 πατρονόμων
776 3403 796 3486 6
822 3405 1041 3492 παιδαγωγῶν
1071 3407 1199 3488 ἔχοντες

198 3509 239 3575 ού
261 3511 301 3574 τά
323 3510 418 3574 κοινὰ
441 3512 549 3592 μόνον
573 3508 817 3592 ἐπισκοποῦσιν,
842 3505 1000 3573 ἀλλὰκαὶ
1023 3519 1089 3573 τῶν
1112 3507 1197 3574 νέων
