<?xml version="1.0" encoding="UTF-8"?>
<!DOCTYPE html PUBLIC "-//W3C//DTD XHTML 1.0 Transitional//EN"
    "http://www.w3.org/TR/xhtml1/DTD/xhtml1-transitional.dtd">
<html xmlns="http://www.w3.org/1999/xhtml" xml:lang="en" lang="en">
 <head>
  <title>
</title>
<meta http-equiv="Content-Type" content="text/html;charset=utf-8" />
  <meta name='ocr-system' content='tesseract 3.04.00' />
  <meta name='ocr-capabilities' content='ocr_page ocr_carea ocr_par ocr_line ocrx_word'/>
</head>
<body>
  <div class='ocr_page' id='page_1' title='image "./florilegiumgrae07petegoog_0028.png"; bbox 0 0 2722 4028; ppageno 0'>
   <div class='ocr_carea' id='block_1_1' title="bbox 482 201 1143 265">
    <p class='ocr_par' dir='ltr' id='par_1_1' title="bbox 482 201 1143 265">
     <span class='ocr_line' id='line_1_1' title="bbox 482 201 1143 265; baseline -0.003 -8"><span class='ocrx_word' id='word_1_1' title='bbox 482 207 527 257; x_wconf 87' lang='lat' dir='ltr'><strong><em>VI.</em></strong></span> <span class='ocrx_word' id='word_1_2' title='bbox 546 205 803 258; x_wconf 74' lang='grc' dir='ltr'><strong><em>ΠΛΟΊὝΑΡΧΟΣ.</em></strong></span> <span class='ocrx_word' id='word_1_3' title='bbox 1101 201 1143 265; x_wconf 83' lang='grc'><strong><em>21</em></strong></span> 
     </span>
    </p>
   </div>
   <div class='ocr_carea' id='block_1_2' title="bbox 10 359 1181 869">
    <p class='ocr_par' dir='ltr' id='par_1_2' title="bbox 10 359 1181 448">
     <span class='ocr_line' id='line_1_2' title="bbox 10 359 1181 448; baseline -0.001 -20"><span class='ocrx_word' id='word_1_4' title='bbox 10 363 14 428; x_wconf 73' lang='grc' dir='ltr'><strong><em>ἐ</em></strong></span> <span class='ocrx_word' id='word_1_5' title='bbox 136 360 310 446; x_wconf 84' lang='grc' dir='ltr'><strong><em>Ἀθηναῖοι</em></strong></span> <span class='ocrx_word' id='word_1_6' title='bbox 343 359 380 427; x_wconf 70' lang='grc' dir='ltr'><strong><em>δὲ</em></strong></span> <span class='ocrx_word' id='word_1_7' title='bbox 411 365 470 428; x_wconf 87' lang='grc' dir='ltr'><strong><em>τὸν</em></strong></span> <span class='ocrx_word' id='word_1_8' title='bbox 500 361 575 448; x_wconf 80' lang='grc' dir='ltr'><strong><em>περὶ</em></strong></span> <span class='ocrx_word' id='word_1_9' title='bbox 604 372 660 446; x_wconf 74' lang='grc' dir='ltr'><strong><em>τῆς</em></strong></span> <span class='ocrx_word' id='word_1_10' title='bbox 687 365 796 448; x_wconf 82' lang='grc' dir='ltr'><strong><em>ἔριδος</em></strong></span> <span class='ocrx_word' id='word_1_11' title='bbox 822 373 889 428; x_wconf 82' lang='grc' dir='ltr'><strong><em>τῶν</em></strong></span> <span class='ocrx_word' id='word_1_12' title='bbox 917 370 1007 428; x_wconf 83' lang='grc' dir='ltr'><strong><em>θεῶν</em></strong></span> <span class='ocrx_word' id='word_1_13' title='bbox 1034 369 1181 447; x_wconf 76' lang='grc' dir='ltr'><strong><em>μῦθονε</em></strong></span> 
     </span>
    </p>

    <p class='ocr_par' dir='ltr' id='par_1_3' title="bbox 10 466 1146 553">
     <span class='ocr_line' id='line_1_3' title="bbox 10 466 1146 553; baseline 0 -21"><span class='ocrx_word' id='word_1_14' title='bbox 10 472 12 496; x_wconf 90' lang='grc'><em>’</em></span> <span class='ocrx_word' id='word_1_15' title='bbox 142 466 269 544; x_wconf 89' lang='grc' dir='ltr'><strong><em>ἀτόπως</em></strong></span> <span class='ocrx_word' id='word_1_16' title='bbox 291 468 473 544; x_wconf 71' lang='grc' dir='ltr'><strong><em>πλάσαντες</em></strong></span> <span class='ocrx_word' id='word_1_17' title='bbox 491 467 711 553; x_wconf 77' lang='grc' dir='ltr'><strong><em>ἐπανόρθωμα</em></strong></span> <span class='ocrx_word' id='word_1_18' title='bbox 729 476 785 551; x_wconf 79' lang='grc' dir='ltr'><strong><em>τῆς</em></strong></span> <span class='ocrx_word' id='word_1_19' title='bbox 804 467 938 544; x_wconf 82' lang='grc' dir='ltr'><strong><em>ἀτοπίας</em></strong></span> <span class='ocrx_word' id='word_1_20' title='bbox 955 468 996 534; x_wconf 87' lang='grc' dir='ltr'><strong><em>ού</em></strong></span> <span class='ocrx_word' id='word_1_21' title='bbox 1015 472 1146 552; x_wconf 85' lang='grc' dir='ltr'><strong><em>φαῦλον</em></strong></span> 
     </span>
    </p>

    <p class='ocr_par' dir='ltr' id='par_1_4' title="bbox 10 570 1146 766">
     <span class='ocr_line' id='line_1_4' title="bbox 10 570 1146 660; baseline 0.002 -24"><span class='ocrx_word' id='word_1_22' title='bbox 10 619 11 625; x_wconf 37' lang='lat'>1</span> <span class='ocrx_word' id='word_1_23' title='bbox 142 570 293 656; x_wconf 84' lang='grc' dir='ltr'><strong><em>ἐνέμιξαν</em></strong></span> <span class='ocrx_word' id='word_1_24' title='bbox 316 573 417 660; x_wconf 72' lang='grc' dir='ltr'><strong><em>αὐτῷ·</em></strong></span> <span class='ocrx_word' id='word_1_25' title='bbox 454 575 514 657; x_wconf 80' lang='grc' dir='ltr'><strong><em>την</em></strong></span> <span class='ocrx_word' id='word_1_26' title='bbox 537 574 600 657; x_wconf 93' lang='grc' dir='ltr'><strong><em>γὰρ</em></strong></span> <span class='ocrx_word' id='word_1_27' title='bbox 624 571 781 658; x_wconf 77' lang='grc' dir='ltr'><strong><em>δευτέραν</em></strong></span> <span class='ocrx_word' id='word_1_28' title='bbox 805 572 990 658; x_wconf 78' lang='grc' dir='ltr'><strong><em>ἐξαιροῦσιν</em></strong></span> <span class='ocrx_word' id='word_1_29' title='bbox 1014 571 1064 638; x_wconf 82' lang='grc' dir='ltr'><strong><em>ἀεὶ</em></strong></span> <span class='ocrx_word' id='word_1_30' title='bbox 1086 583 1146 638; x_wconf 89' lang='grc' dir='ltr'><strong><em>τοῦ</em></strong></span> 
     </span>
     <span class='ocr_line' id='line_1_5' title="bbox 85 677 1146 766; baseline 0.001 -25"><span class='ocrx_word' id='word_1_31' title='bbox 85 743 95 756; x_wconf 75' lang='grc'><strong><em>,</em></strong></span> <span class='ocrx_word' id='word_1_32' title='bbox 141 679 413 764; x_wconf 77' lang='grc' dir='ltr'><strong><em>Βοηδρομιῶνος,</em></strong></span> <span class='ocrx_word' id='word_1_33' title='bbox 441 679 484 755; x_wconf 80' lang='grc' dir='ltr'><strong><em>ὡς</em></strong></span> <span class='ocrx_word' id='word_1_34' title='bbox 512 677 549 744; x_wconf 83' lang='grc' dir='ltr'><strong><em>έν</em></strong></span> <span class='ocrx_word' id='word_1_35' title='bbox 572 678 679 764; x_wconf 82' lang='grc' dir='ltr'><strong><em>ἐκείνη</em></strong></span> <span class='ocrx_word' id='word_1_36' title='bbox 702 687 746 766; x_wconf 74' lang='grc' dir='ltr'><strong><em>τῷ</em></strong></span> <span class='ocrx_word' id='word_1_37' title='bbox 770 681 959 744; x_wconf 82' lang='grc' dir='ltr'><strong><em>Ποσειδῶνι</em></strong></span> <span class='ocrx_word' id='word_1_38' title='bbox 982 681 1064 764; x_wconf 88' lang='grc' dir='ltr'><strong><em>πρὸς</em></strong></span> <span class='ocrx_word' id='word_1_39' title='bbox 1085 679 1146 762; x_wconf 81' lang='grc' dir='ltr'><strong><em>την</em></strong></span> 
     </span>
    </p>

    <p class='ocr_par' dir='ltr' id='par_1_5' title="bbox 139 779 1180 869">
     <span class='ocr_line' id='line_1_6' title="bbox 139 779 1180 869; baseline 0.001 -22"><span class='ocrx_word' id='word_1_40' title='bbox 139 781 285 867; x_wconf 84' lang='grc' dir='ltr'><strong><em>Ἀθηνῖιν</em></strong></span> <span class='ocrx_word' id='word_1_41' title='bbox 311 782 489 868; x_wconf 77' lang='grc' dir='ltr'><strong><em>γενομένης</em></strong></span> <span class='ocrx_word' id='word_1_42' title='bbox 515 793 571 868; x_wconf 82' lang='grc' dir='ltr'><strong><em>τῆς</em></strong></span> <span class='ocrx_word' id='word_1_43' title='bbox 599 785 766 869; x_wconf 82' lang='grc' dir='ltr'><strong><em>διαφορᾶς.</em></strong></span> <span class='ocrx_word' id='word_1_44' title='bbox 811 787 846 848; x_wconf 89' lang='grc' dir='ltr'><strong><em>τί</em></strong></span> <span class='ocrx_word' id='word_1_45' title='bbox 865 779 927 849; x_wconf 82' lang='grc' dir='ltr'><strong><em>οὖν</em></strong></span> <span class='ocrx_word' id='word_1_46' title='bbox 949 785 1069 849; x_wconf 78' lang='grc' dir='ltr'><strong><em>κωλύει</em></strong></span> <span class='ocrx_word' id='word_1_47' title='bbox 1091 782 1145 848; x_wconf 86' lang='grc' dir='ltr'><strong><em>καὶ</em></strong></span> <span class='ocrx_word' id='word_1_48' title='bbox 1165 799 1180 848; x_wconf 76' lang='grc'><strong>7</strong></span> 
     </span>
    </p>
   </div>
   <div class='ocr_carea' id='block_1_3' title="bbox 142 887 1251 3605">
    <p class='ocr_par' dir='ltr' id='par_1_6' title="bbox 142 887 1251 3605">
     <span class='ocr_line' id='line_1_7' title="bbox 143 887 1146 976; baseline 0.001 -23"><span class='ocrx_word' id='word_1_49' title='bbox 143 889 227 972; x_wconf 80' lang='grc' dir='ltr'><strong><em>ἡμᾶς</em></strong></span> <span class='ocrx_word' id='word_1_50' title='bbox 250 888 286 954; x_wconf 92' lang='grc' dir='ltr'><strong><em>ε’ν</em></strong></span> <span class='ocrx_word' id='word_1_51' title='bbox 310 890 454 976; x_wconf 76' lang='grc' dir='ltr'><strong><em>διαφορᾷ</em></strong></span> <span class='ocrx_word' id='word_1_52' title='bbox 476 911 554 955; x_wconf 92' lang='grc' dir='ltr'><strong><em>ποτε</em></strong></span> <span class='ocrx_word' id='word_1_53' title='bbox 576 893 658 974; x_wconf 89' lang='grc' dir='ltr'><strong><em>πρὸς</em></strong></span> <span class='ocrx_word' id='word_1_54' title='bbox 676 892 817 966; x_wconf 78' lang='grc' dir='ltr'><strong><em>οἰκείους</em></strong></span> <span class='ocrx_word' id='word_1_55' title='bbox 834 887 889 954; x_wconf 83' lang='grc' dir='ltr'><strong><em>καὶ</em></strong></span> <span class='ocrx_word' id='word_1_56' title='bbox 907 901 1076 973; x_wconf 77' lang='grc' dir='ltr'><strong><em>συγγενεῖς</em></strong></span> <span class='ocrx_word' id='word_1_57' title='bbox 1094 913 1146 972; x_wconf 93' lang='grc' dir='ltr'><strong><em>γε-</em></strong></span> 
     </span>
     <span class='ocr_line' id='line_1_8' title="bbox 142 991 1147 1081; baseline 0 -23"><span class='ocrx_word' id='word_1_58' title='bbox 142 991 304 1076; x_wconf 87' lang='grc' dir='ltr'><strong><em>νομένους</em></strong></span> <span class='ocrx_word' id='word_1_59' title='bbox 333 993 370 1059; x_wconf 88' lang='grc' dir='ltr'><strong><em>έν</em></strong></span> <span class='ocrx_word' id='word_1_60' title='bbox 399 994 562 1081; x_wconf 82' lang='grc' dir='ltr'><strong><em>ἀμνηστία</em></strong></span> <span class='ocrx_word' id='word_1_61' title='bbox 590 996 651 1078; x_wconf 80' lang='grc' dir='ltr'><strong><em>την</em></strong></span> <span class='ocrx_word' id='word_1_62' title='bbox 679 993 804 1080; x_wconf 77' lang='grc' dir='ltr'><strong><em>ἡμέραν</em></strong></span> <span class='ocrx_word' id='word_1_63' title='bbox 835 993 963 1078; x_wconf 80' lang='grc' dir='ltr'><strong><em>ἐκείνην</em></strong></span> <span class='ocrx_word' id='word_1_64' title='bbox 991 999 1147 1060; x_wconf 87' lang='grc' dir='ltr'><strong><em>τίθεσθαι</em></strong></span> 
     </span>
     <span class='ocr_line' id='line_1_9' title="bbox 143 1096 1146 1185; baseline 0 -21"><span class='ocrx_word' id='word_1_65' title='bbox 143 1096 199 1164; x_wconf 80' lang='grc' dir='ltr'><strong><em>καὶ</em></strong></span> <span class='ocrx_word' id='word_1_66' title='bbox 226 1103 305 1183; x_wconf 92' lang='grc' dir='ltr'><strong><em>μίαν</em></strong></span> <span class='ocrx_word' id='word_1_67' title='bbox 333 1110 399 1164; x_wconf 81' lang='grc' dir='ltr'><strong><em>τῶν</em></strong></span> <span class='ocrx_word' id='word_1_68' title='bbox 427 1099 630 1185; x_wconf 78' lang='grc' dir='ltr'><strong><em>ἀποφράδων</em></strong></span> <span class='ocrx_word' id='word_1_69' title='bbox 652 1103 814 1184; x_wconf 81' lang='grc' dir='ltr'><strong><em>νομίζειν,</em></strong></span> <span class='ocrx_word' id='word_1_70' title='bbox 841 1097 924 1164; x_wconf 89' lang='grc' dir='ltr'><strong><em>ἀλλὰ</em></strong></span> <span class='ocrx_word' id='word_1_71' title='bbox 947 1101 991 1183; x_wconf 83' lang='grc' dir='ltr'><strong><em>μὴ</em></strong></span> <span class='ocrx_word' id='word_1_72' title='bbox 1014 1104 1146 1164; x_wconf 79' lang='grc' dir='ltr'><strong><em>πολλῶν</em></strong></span> 
     </span>
     <span class='ocr_line' id='line_1_10' title="bbox 142 1197 1146 1290; baseline -0.001 -20"><span class='ocrx_word' id='word_1_73' title='bbox 142 1203 197 1270; x_wconf 79' lang='grc' dir='ltr'><strong><em>καί</em></strong></span> <span class='ocrx_word' id='word_1_74' title='bbox 227 1203 365 1287; x_wconf 78' lang='grc' dir='ltr'><strong><em>ἀγαθῶν</em></strong></span> <span class='ocrx_word' id='word_1_75' title='bbox 396 1203 432 1270; x_wconf 86' lang='grc' dir='ltr'><strong><em>έν</em></strong></span> <span class='ocrx_word' id='word_1_76' title='bbox 462 1197 513 1282; x_wconf 86' lang='grc' dir='ltr'><strong><em>αἷς</em></strong></span> <span class='ocrx_word' id='word_1_77' title='bbox 542 1205 789 1290; x_wconf 76' lang='grc' dir='ltr'><strong><em>συνετράφημεν</em></strong></span> <span class='ocrx_word' id='word_1_78' title='bbox 818 1203 873 1270; x_wconf 82' lang='grc' dir='ltr'><strong><em>καὶ</em></strong></span> <span class='ocrx_word' id='word_1_79' title='bbox 901 1207 1146 1289; x_wconf 82' lang='grc' dir='ltr'><strong><em>συνεβιώσαμεν</em></strong></span> 
     </span>
     <span class='ocr_line' id='line_1_11' title="bbox 142 1309 1147 1396; baseline 0.001 -22"><span class='ocrx_word' id='word_1_80' title='bbox 142 1309 274 1394; x_wconf 82' lang='grc' dir='ltr'><strong><em>ἡμερῶν</em></strong></span> <span class='ocrx_word' id='word_1_81' title='bbox 306 1311 361 1374; x_wconf 89' lang='grc' dir='ltr'><strong><em>διὰ</em></strong></span> <span class='ocrx_word' id='word_1_82' title='bbox 391 1314 470 1394; x_wconf 92' lang='grc' dir='ltr'><strong><em>μίαν</em></strong></span> <span class='ocrx_word' id='word_1_83' title='bbox 500 1309 794 1389; x_wconf 83' lang='grc' dir='ltr'><strong><em>έπιλανθάνεσθαι;</em></strong></span> <span class='ocrx_word' id='word_1_84' title='bbox 827 1309 847 1393; x_wconf 75' lang='grc' dir='ltr'><em>ἢ</em></span> <span class='ocrx_word' id='word_1_85' title='bbox 874 1313 937 1396; x_wconf 93' lang='grc' dir='ltr'><strong><em>γὰρ</em></strong></span> <span class='ocrx_word' id='word_1_86' title='bbox 965 1311 1070 1394; x_wconf 89' lang='grc' dir='ltr'><strong><em>μάτην</em></strong></span> <span class='ocrx_word' id='word_1_87' title='bbox 1092 1309 1147 1375; x_wconf 82' lang='grc' dir='ltr'><strong><em>καὶ</em></strong></span> 
     </span>
     <span class='ocr_line' id='line_1_12' title="bbox 142 1411 1251 1502; baseline 0 -22"><span class='ocrx_word' id='word_1_88' title='bbox 142 1417 223 1501; x_wconf 90' lang='grc' dir='ltr'><strong><em>πρὸς</em></strong></span> <span class='ocrx_word' id='word_1_89' title='bbox 246 1411 345 1480; x_wconf 77' lang='grc' dir='ltr'><strong><em>οὐδὲν</em></strong></span> <span class='ocrx_word' id='word_1_90' title='bbox 367 1416 388 1498; x_wconf 80' lang='grc' dir='ltr'><em>ἡ</em></span> <span class='ocrx_word' id='word_1_91' title='bbox 412 1417 511 1501; x_wconf 91' lang='grc' dir='ltr'><strong><em>φύσις</em></strong></span> <span class='ocrx_word' id='word_1_92' title='bbox 537 1416 612 1499; x_wconf 77' lang='grc' dir='ltr'><strong><em>ἡμῖν</em></strong></span> <span class='ocrx_word' id='word_1_93' title='bbox 635 1417 735 1480; x_wconf 86' lang='grc' dir='ltr'><strong><em>έδωκε</em></strong></span> <span class='ocrx_word' id='word_1_94' title='bbox 757 1419 924 1502; x_wconf 82' lang='grc' dir='ltr'><strong><em>πραότητα</em></strong></span> <span class='ocrx_word' id='word_1_95' title='bbox 946 1413 1001 1480; x_wconf 81' lang='grc' dir='ltr'><strong><em>καὶ</em></strong></span> <span class='ocrx_word' id='word_1_96' title='bbox 1019 1439 1146 1501; x_wconf 92' lang='grc' dir='ltr'><strong><em>μετριο-</em></strong></span> <span class='ocrx_word' id='word_1_97' title='bbox 1250 1428 1251 1434; x_wconf 78' lang='grc'>’</span> 
     </span>
     <span class='ocr_line' id='line_1_13' title="bbox 142 1520 1146 1606; baseline 0.002 -22"><span class='ocrx_word' id='word_1_98' title='bbox 142 1523 282 1596; x_wconf 86' lang='grc' dir='ltr'><strong><em>παθείας</em></strong></span> <span class='ocrx_word' id='word_1_99' title='bbox 318 1523 456 1604; x_wconf 78' lang='grc' dir='ltr'><strong><em>ἔκγονον</em></strong></span> <span class='ocrx_word' id='word_1_100' title='bbox 494 1520 715 1598; x_wconf 78' lang='grc' dir='ltr'><strong><em>ἀνεξικακίαν</em></strong></span> <span class='ocrx_word' id='word_1_101' title='bbox 755 1520 776 1604; x_wconf 79' lang='grc' dir='ltr'>ἢ</span> <span class='ocrx_word' id='word_1_102' title='bbox 813 1521 952 1606; x_wconf 91' lang='grc' dir='ltr'><strong><em>μάλιστα</em></strong></span> <span class='ocrx_word' id='word_1_103' title='bbox 988 1520 1146 1606; x_wconf 84' lang='grc' dir='ltr'><strong><em>χρηστέον</em></strong></span> 
     </span>
     <span class='ocr_line' id='line_1_14' title="bbox 143 1621 1181 1712; baseline 0 -22"><span class='ocrx_word' id='word_1_104' title='bbox 143 1627 272 1702; x_wconf 88' lang='grc' dir='ltr'><strong><em>τούτοις</em></strong></span> <span class='ocrx_word' id='word_1_105' title='bbox 303 1629 384 1712; x_wconf 87' lang='grc' dir='ltr'><strong><em>πρὸς</em></strong></span> <span class='ocrx_word' id='word_1_106' title='bbox 417 1639 586 1710; x_wconf 84' lang='grc' dir='ltr'><strong><em>συγγενεῖς</em></strong></span> <span class='ocrx_word' id='word_1_107' title='bbox 614 1625 668 1691; x_wconf 80' lang='grc' dir='ltr'><strong><em>καὶ</em></strong></span> <span class='ocrx_word' id='word_1_108' title='bbox 698 1629 846 1704; x_wconf 85' lang='grc' dir='ltr'><strong><em>οἰκείους.</em></strong></span> <span class='ocrx_word' id='word_1_109' title='bbox 892 1627 952 1712; x_wconf 82' lang='grc' dir='ltr'><strong><em>οὐχ</em></strong></span> <span class='ocrx_word' id='word_1_110' title='bbox 981 1621 1079 1710; x_wconf 70' lang='grc' dir='ltr'><strong><em>ἧττον</em></strong></span> <span class='ocrx_word' id='word_1_111' title='bbox 1109 1622 1181 1690; x_wconf 73' lang='grc' dir='ltr'><strong><em>δέε</em></strong></span> 
     </span>
     <span class='ocr_line' id='line_1_15' title="bbox 144 1730 1147 1817; baseline 0 -21"><span class='ocrx_word' id='word_1_112' title='bbox 144 1741 203 1796; x_wconf 87' lang='grc' dir='ltr'><strong><em>τοῦ</em></strong></span> <span class='ocrx_word' id='word_1_113' title='bbox 233 1733 363 1796; x_wconf 88' lang='grc' dir='ltr'><strong><em>διδόναι</em></strong></span> <span class='ocrx_word' id='word_1_114' title='bbox 394 1733 592 1816; x_wconf 81' lang='grc' dir='ltr'><strong><em>συγγνώμην</em></strong></span> <span class='ocrx_word' id='word_1_115' title='bbox 622 1731 803 1817; x_wconf 83' lang='grc' dir='ltr'><strong><em>ἁμαρτοῦσι</em></strong></span> <span class='ocrx_word' id='word_1_116' title='bbox 831 1735 868 1798; x_wconf 87' lang='grc' dir='ltr'><strong><em>τὸ</em></strong></span> <span class='ocrx_word' id='word_1_117' title='bbox 899 1735 1063 1797; x_wconf 87' lang='grc' dir='ltr'><strong><em>αίτεῖσθαι</em></strong></span> <span class='ocrx_word' id='word_1_118' title='bbox 1092 1730 1147 1796; x_wconf 80' lang='grc' dir='ltr'><strong><em>καὶ</em></strong></span> 
     </span>
     <span class='ocr_line' id='line_1_16' title="bbox 144 1834 1146 1922; baseline 0.001 -22"><span class='ocrx_word' id='word_1_119' title='bbox 144 1837 325 1920; x_wconf 84' lang='grc' dir='ltr'><strong><em>λαμβάνειν</em></strong></span> <span class='ocrx_word' id='word_1_120' title='bbox 361 1837 481 1914; x_wconf 82' lang='grc' dir='ltr'><strong><em>αὐτοὺς</em></strong></span> <span class='ocrx_word' id='word_1_121' title='bbox 513 1837 717 1922; x_wconf 80' lang='grc' dir='ltr'><strong><em>ἁμαρτόντας</em></strong></span> <span class='ocrx_word' id='word_1_122' title='bbox 747 1839 882 1903; x_wconf 80' lang='grc' dir='ltr'><strong><em>εὔνοιαν</em></strong></span> <span class='ocrx_word' id='word_1_123' title='bbox 912 1837 1063 1922; x_wconf 80' lang='grc' dir='ltr'><strong><em>ἐμφαίνει</em></strong></span> <span class='ocrx_word' id='word_1_124' title='bbox 1092 1834 1146 1901; x_wconf 85' lang='grc' dir='ltr'><strong><em>καὶ</em></strong></span> 
     </span>
     <span class='ocr_line' id='line_1_17' title="bbox 144 1940 1146 2028; baseline 0 -22"><span class='ocrx_word' id='word_1_125' title='bbox 144 1945 390 2026; x_wconf 86' lang='grc' dir='ltr'><strong><em>φιλοστοργίαν.</em></strong></span> <span class='ocrx_word' id='word_1_126' title='bbox 435 1941 516 2006; x_wconf 84' lang='grc' dir='ltr'><strong><em>ὅθεν</em></strong></span> <span class='ocrx_word' id='word_1_127' title='bbox 549 1940 768 2028; x_wconf 82' lang='grc' dir='ltr'><strong><em>ὀργιζομένων</em></strong></span> <span class='ocrx_word' id='word_1_128' title='bbox 799 1965 833 2007; x_wconf 91' lang='grc' dir='ltr'><strong><em>τε</em></strong></span> <span class='ocrx_word' id='word_1_129' title='bbox 864 1944 917 2006; x_wconf 92' lang='grc' dir='ltr'><strong><em>δεῖ</em></strong></span> <span class='ocrx_word' id='word_1_130' title='bbox 942 1944 986 2026; x_wconf 80' lang='grc' dir='ltr'><strong><em>μη</em></strong></span> <span class='ocrx_word' id='word_1_131' title='bbox 1015 1941 1146 2026; x_wconf 78' lang='grc' dir='ltr'><strong><em>ἀμελεῖν</em></strong></span> 
     </span>
     <span class='ocr_line' id='line_1_18' title="bbox 144 2044 1147 2131; baseline 0 -21"><span class='ocrx_word' id='word_1_132' title='bbox 144 2045 199 2110; x_wconf 78' lang='grc' dir='ltr'><strong><em>καὶ</em></strong></span> <span class='ocrx_word' id='word_1_133' title='bbox 222 2044 495 2131; x_wconf 84' lang='grc' dir='ltr'><strong><em>παραιτουμένοις</em></strong></span> <span class='ocrx_word' id='word_1_134' title='bbox 516 2048 560 2131; x_wconf 79' lang='grc' dir='ltr'><strong><em>μὴ</em></strong></span> <span class='ocrx_word' id='word_1_135' title='bbox 584 2047 793 2129; x_wconf 86' lang='grc' dir='ltr'><strong><em>ἀντιτείνειν,</em></strong></span> <span class='ocrx_word' id='word_1_136' title='bbox 821 2046 903 2112; x_wconf 82' lang='grc' dir='ltr'><strong><em>ἀλλὰ</em></strong></span> <span class='ocrx_word' id='word_1_137' title='bbox 925 2045 980 2112; x_wconf 79' lang='grc' dir='ltr'><strong><em>καί</em></strong></span> <span class='ocrx_word' id='word_1_138' title='bbox 1002 2047 1147 2131; x_wconf 78' lang='grc' dir='ltr'><strong><em>φθάνειν</em></strong></span> 
     </span>
     <span class='ocr_line' id='line_1_19' title="bbox 144 2151 1147 2239; baseline 0.001 -22"><span class='ocrx_word' id='word_1_139' title='bbox 144 2151 301 2228; x_wconf 91' lang='grc' dir='ltr'><strong><em>πολλάκις</em></strong></span> <span class='ocrx_word' id='word_1_140' title='bbox 324 2151 525 2238; x_wconf 83' lang='grc' dir='ltr'><strong><em>ἁμαρτόντας</em></strong></span> <span class='ocrx_word' id='word_1_141' title='bbox 548 2151 667 2228; x_wconf 85' lang='grc' dir='ltr'><strong><em>αὐτοὺς</em></strong></span> <span class='ocrx_word' id='word_1_142' title='bbox 689 2161 728 2236; x_wconf 73' lang='grc' dir='ltr'><strong><em>τῇ</em></strong></span> <span class='ocrx_word' id='word_1_143' title='bbox 746 2155 936 2236; x_wconf 75' lang='grc' dir='ltr'><strong><em>παραιτήσει</em></strong></span> <span class='ocrx_word' id='word_1_144' title='bbox 954 2153 1015 2235; x_wconf 79' lang='grc' dir='ltr'><strong><em>τὴν</em></strong></span> <span class='ocrx_word' id='word_1_145' title='bbox 1033 2154 1147 2239; x_wconf 74' lang='grc' dir='ltr'><strong><em>ὀργήν,</em></strong></span> 
     </span>
     <span class='ocr_line' id='line_1_20' title="bbox 145 2252 1146 2342; baseline 0 -20"><span class='ocrx_word' id='word_1_146' title='bbox 145 2257 363 2342; x_wconf 88' lang='grc' dir='ltr'><strong><em>ἀδικηθέντας</em></strong></span> <span class='ocrx_word' id='word_1_147' title='bbox 380 2281 414 2322; x_wconf 91' lang='grc' dir='ltr'><strong><em>τε</em></strong></span> <span class='ocrx_word' id='word_1_148' title='bbox 432 2257 532 2323; x_wconf 92' lang='grc' dir='ltr'><strong><em>πάλιν</em></strong></span> <span class='ocrx_word' id='word_1_149' title='bbox 550 2252 593 2322; x_wconf 86' lang='grc' dir='ltr'><strong><em>αὖ</em></strong></span> <span class='ocrx_word' id='word_1_150' title='bbox 611 2266 649 2342; x_wconf 74' lang='grc' dir='ltr'><strong><em>τῇ</em></strong></span> <span class='ocrx_word' id='word_1_151' title='bbox 669 2259 846 2342; x_wconf 85' lang='grc' dir='ltr'><strong><em>συγγνώμη</em></strong></span> <span class='ocrx_word' id='word_1_152' title='bbox 864 2259 925 2341; x_wconf 80' lang='grc' dir='ltr'><strong><em>την</em></strong></span> <span class='ocrx_word' id='word_1_153' title='bbox 941 2261 1146 2342; x_wconf 87' lang='grc' dir='ltr'><strong><em>παραίτησιν.</em></strong></span> 
     </span>
     <span class='ocr_line' id='line_1_21' title="bbox 145 2359 1181 2449; baseline -0.002 -20"><span class='ocrx_word' id='word_1_154' title='bbox 145 2364 163 2430; x_wconf 85' lang='grc' dir='ltr'>ὁ</span> <span class='ocrx_word' id='word_1_155' title='bbox 182 2360 242 2447; x_wconf 71' lang='grc' dir='ltr'><strong><em>μὲν</em></strong></span> <span class='ocrx_word' id='word_1_156' title='bbox 261 2359 323 2429; x_wconf 84' lang='grc' dir='ltr'><strong><em>οὖν</em></strong></span> <span class='ocrx_word' id='word_1_157' title='bbox 341 2365 551 2449; x_wconf 87' lang='grc' dir='ltr'><strong><em>Σωκρατικὸς</em></strong></span> <span class='ocrx_word' id='word_1_158' title='bbox 564 2363 745 2447; x_wconf 83' lang='grc' dir='ltr'><strong><em>Εὐκλείδης</em></strong></span> <span class='ocrx_word' id='word_1_159' title='bbox 763 2363 800 2428; x_wconf 85' lang='grc' dir='ltr'><strong><em>έν</em></strong></span> <span class='ocrx_word' id='word_1_160' title='bbox 818 2373 889 2440; x_wconf 90' lang='grc' dir='ltr'><strong><em>ταῖς</em></strong></span> <span class='ocrx_word' id='word_1_161' title='bbox 907 2368 1038 2448; x_wconf 82' lang='grc' dir='ltr'><strong><em>σχολαῖς</em></strong></span> <span class='ocrx_word' id='word_1_162' title='bbox 1055 2385 1145 2446; x_wconf 81' lang='grc' dir='ltr'><strong><em>περι·</em></strong></span> <span class='ocrx_word' id='word_1_163' title='bbox 1165 2379 1181 2427; x_wconf 84' lang='grc'>9</span> 
     </span>
     <span class='ocr_line' id='line_1_22' title="bbox 145 2465 1147 2554; baseline -0.001 -21"><span class='ocrx_word' id='word_1_164' title='bbox 145 2472 264 2552; x_wconf 88' lang='grc' dir='ltr'><strong><em>βόητός</em></strong></span> <span class='ocrx_word' id='word_1_165' title='bbox 291 2469 395 2550; x_wconf 80' lang='grc' dir='ltr'><strong><em>ἐστιν,</em></strong></span> <span class='ocrx_word' id='word_1_166' title='bbox 423 2469 473 2534; x_wconf 82' lang='grc' dir='ltr'><strong><em>ὅτι</em></strong></span> <span class='ocrx_word' id='word_1_167' title='bbox 501 2469 618 2554; x_wconf 80' lang='grc' dir='ltr'><strong><em>φωνὴν</em></strong></span> <span class='ocrx_word' id='word_1_168' title='bbox 645 2467 787 2544; x_wconf 93' lang='grc' dir='ltr'><strong><em>ἀκούσας</em></strong></span> <span class='ocrx_word' id='word_1_169' title='bbox 812 2467 988 2552; x_wconf 92' lang='grc' dir='ltr'><strong><em>ἀγνώμονα</em></strong></span> <span class='ocrx_word' id='word_1_170' title='bbox 1009 2465 1063 2532; x_wconf 79' lang='grc' dir='ltr'><strong><em>καὶ</em></strong></span> <span class='ocrx_word' id='word_1_171' title='bbox 1085 2474 1147 2552; x_wconf 85' lang='grc' dir='ltr'><strong><em>θη-</em></strong></span> 
     </span>
     <span class='ocr_line' id='line_1_23' title="bbox 146 2570 1147 2659; baseline 0.001 -22"><span class='ocrx_word' id='word_1_172' title='bbox 146 2575 250 2659; x_wconf 91' lang='grc' dir='ltr'><strong><em>ριώδη</em></strong></span> <span class='ocrx_word' id='word_1_173' title='bbox 269 2583 329 2639; x_wconf 86' lang='grc' dir='ltr'><strong><em>τοῦ</em></strong></span> <span class='ocrx_word' id='word_1_174' title='bbox 348 2573 495 2658; x_wconf 84' lang='grc' dir='ltr'><strong><em>ἀδελφοῦ</em></strong></span> <span class='ocrx_word' id='word_1_175' title='bbox 512 2575 593 2659; x_wconf 89' lang='grc' dir='ltr'><strong><em>πρὸς</em></strong></span> <span class='ocrx_word' id='word_1_176' title='bbox 612 2573 712 2638; x_wconf 85' lang='grc' dir='ltr'><strong><em>αὐτὸν</em></strong></span> <span class='ocrx_word' id='word_1_177' title='bbox 731 2575 891 2650; x_wconf 80' lang='grc' dir='ltr'><strong><em>εἰπόντος·</em></strong></span> <span class='ocrx_word' id='word_1_178' title='bbox 924 2570 1147 2658; x_wconf 65' lang='grc' dir='ltr'><strong><em>“Ἀπολοίμην,</em></strong></span> 
     </span>
     <span class='ocr_line' id='line_1_24' title="bbox 146 2673 1148 2763; baseline 0.001 -21"><span class='ocrx_word' id='word_1_179' title='bbox 146 2680 177 2742; x_wconf 84' lang='grc' dir='ltr'><strong><em>εί</em></strong></span> <span class='ocrx_word' id='word_1_180' title='bbox 199 2681 243 2760; x_wconf 83' lang='grc' dir='ltr'><strong><em>μή</em></strong></span> <span class='ocrx_word' id='word_1_181' title='bbox 267 2694 303 2742; x_wconf 91' lang='grc' dir='ltr'><strong><em>σε</em></strong></span> <span class='ocrx_word' id='word_1_182' title='bbox 327 2677 593 2762; x_wconf 75' lang='grc' dir='ltr'><strong><em>τιμωρησαίμηνῖ</em></strong></span> <span class='ocrx_word' id='word_1_183' title='bbox 640 2675 734 2760; x_wconf 69' lang='grc' dir='ltr'><strong><em>Ἓγὼ</em></strong></span> <span class='ocrx_word' id='word_1_184' title='bbox 758 2675 822 2761; x_wconf 81' lang='grc' dir='ltr'><strong><em>δέ’,</em></strong></span> <span class='ocrx_word' id='word_1_185' title='bbox 848 2673 954 2762; x_wconf 80' lang='grc' dir='ltr'><strong><em>εἶπεν,</em></strong></span> <span class='ocrx_word' id='word_1_186' title='bbox 977 2678 1024 2742; x_wconf 72' lang='lat' dir='ltr'><strong><em>‘el</em></strong></span> <span class='ocrx_word' id='word_1_187' title='bbox 1044 2681 1088 2763; x_wconf 81' lang='grc' dir='ltr'><strong><em>μή</em></strong></span> <span class='ocrx_word' id='word_1_188' title='bbox 1112 2697 1148 2744; x_wconf 90' lang='grc' dir='ltr'><strong><em>σε</em></strong></span> 
     </span>
     <span class='ocr_line' id='line_1_25' title="bbox 145 2782 1149 2868; baseline 0.002 -22"><span class='ocrx_word' id='word_1_189' title='bbox 145 2787 295 2866; x_wconf 89' lang='grc' dir='ltr'><strong><em>πείσαιμι</em></strong></span> <span class='ocrx_word' id='word_1_190' title='bbox 326 2785 517 2848; x_wconf 88' lang='grc' dir='ltr'><strong><em>παύσασθαι</em></strong></span> <span class='ocrx_word' id='word_1_191' title='bbox 548 2792 604 2868; x_wconf 78' lang='grc' dir='ltr'><strong><em>τῆς</em></strong></span> <span class='ocrx_word' id='word_1_192' title='bbox 636 2783 735 2868; x_wconf 81' lang='grc' dir='ltr'><strong><em>ὀργῆς</em></strong></span> <span class='ocrx_word' id='word_1_193' title='bbox 765 2782 819 2848; x_wconf 77' lang='grc' dir='ltr'><strong><em>καὶ</em></strong></span> <span class='ocrx_word' id='word_1_194' title='bbox 850 2789 958 2868; x_wconf 91' lang='grc' dir='ltr'><strong><em>φιλεῖν</em></strong></span> <span class='ocrx_word' id='word_1_195' title='bbox 990 2783 1073 2868; x_wconf 74' lang='grc' dir='ltr'><strong><em>ἡμᾶς</em></strong></span> <span class='ocrx_word' id='word_1_196' title='bbox 1105 2785 1149 2861; x_wconf 91' lang='grc' dir='ltr'><strong><em>ώς</em></strong></span> 
     </span>
     <span class='ocr_line' id='line_1_26' title="bbox 145 2885 1201 2974; baseline 0.003 -22"><span class='ocrx_word' id='word_1_197' title='bbox 145 2891 307 2974; x_wconf 91' lang='grc' dir='ltr'><strong><em>πρότερον</em></strong></span> <span class='ocrx_word' id='word_1_198' title='bbox 326 2887 468 2972; x_wconf 82' lang='grc' dir='ltr'><strong><em>έφίλεις.’</em></strong></span> <span class='ocrx_word' id='word_1_199' title='bbox 499 2891 535 2954; x_wconf 92' lang='grc' dir='ltr'><strong><em>τὸ</em></strong></span> <span class='ocrx_word' id='word_1_200' title='bbox 555 2885 584 2951; x_wconf 93' lang='grc' dir='ltr'><strong><em>δ’</em></strong></span> <span class='ocrx_word' id='word_1_201' title='bbox 600 2887 771 2972; x_wconf 84' lang='grc' dir='ltr'><strong><em>Εὐμένους</em></strong></span> <span class='ocrx_word' id='word_1_202' title='bbox 789 2899 848 2954; x_wconf 88' lang='grc' dir='ltr'><strong><em>τοῦ</em></strong></span> <span class='ocrx_word' id='word_1_203' title='bbox 866 2889 1024 2972; x_wconf 89' lang='grc' dir='ltr'><strong><em>βασιλέως</em></strong></span> <span class='ocrx_word' id='word_1_204' title='bbox 1039 2892 1148 2974; x_wconf 79' lang='grc' dir='ltr'><strong><em>ἔργον,</em></strong></span> <span class='ocrx_word' id='word_1_205' title='bbox 1169 2906 1201 2954; x_wconf 88' lang='grc'><strong><em>10</em></strong></span> 
     </span>
     <span class='ocr_line' id='line_1_27' title="bbox 147 2993 1148 3080; baseline 0.002 -22"><span class='ocrx_word' id='word_1_206' title='bbox 147 2993 188 3058; x_wconf 89' lang='grc' dir='ltr'><strong><em>ού</em></strong></span> <span class='ocrx_word' id='word_1_207' title='bbox 211 2997 324 3077; x_wconf 87' lang='grc' dir='ltr'><strong><em>λόγος,</em></strong></span> <span class='ocrx_word' id='word_1_208' title='bbox 352 2993 540 3076; x_wconf 77' lang='grc' dir='ltr'><strong><em>ὑπερβολὴν</em></strong></span> <span class='ocrx_word' id='word_1_209' title='bbox 564 2993 722 3077; x_wconf 85' lang='grc' dir='ltr'><strong><em>οὐδεμίαν</em></strong></span> <span class='ocrx_word' id='word_1_210' title='bbox 743 2997 924 3080; x_wconf 82' lang='grc' dir='ltr'><strong><em>πρᾳότητος</em></strong></span> <span class='ocrx_word' id='word_1_211' title='bbox 946 2993 1148 3060; x_wconf 88' lang='grc' dir='ltr'><strong><em>ἀπολέλοιπε.</em></strong></span> 
     </span>
     <span class='ocr_line' id='line_1_28' title="bbox 147 3099 1149 3184; baseline 0.005 -23"><span class='ocrx_word' id='word_1_212' title='bbox 147 3102 298 3183; x_wconf 85' lang='grc' dir='ltr'><strong><em>Περσεὺς</em></strong></span> <span class='ocrx_word' id='word_1_213' title='bbox 319 3099 392 3183; x_wconf 91' lang='grc' dir='ltr'><strong><em>γάρ,</em></strong></span> <span class='ocrx_word' id='word_1_214' title='bbox 416 3099 434 3164; x_wconf 87' lang='grc' dir='ltr'><strong><em>ό</em></strong></span> <span class='ocrx_word' id='word_1_215' title='bbox 457 3109 523 3163; x_wconf 83' lang='grc' dir='ltr'><strong><em>τῶν</em></strong></span> <span class='ocrx_word' id='word_1_216' title='bbox 542 3100 750 3164; x_wconf 87' lang='grc' dir='ltr'><strong><em>Μακεδόνων</em></strong></span> <span class='ocrx_word' id='word_1_217' title='bbox 772 3099 936 3183; x_wconf 89' lang='grc' dir='ltr'><strong><em>βασιλεύς,</em></strong></span> <span class='ocrx_word' id='word_1_218' title='bbox 960 3099 1080 3184; x_wconf 82' lang='grc' dir='ltr'><strong><em>ἐχθρὸς</em></strong></span> <span class='ocrx_word' id='word_1_219' title='bbox 1102 3101 1149 3166; x_wconf 84' lang='grc' dir='ltr'><strong><em>ών</em></strong></span> 
     </span>
     <span class='ocr_line' id='line_1_29' title="bbox 148 3201 1149 3292; baseline 0.003 -25"><span class='ocrx_word' id='word_1_220' title='bbox 148 3203 235 3291; x_wconf 72' lang='grc' dir='ltr'><strong><em>αὐτῷ</em></strong></span> <span class='ocrx_word' id='word_1_221' title='bbox 268 3205 489 3290; x_wconf 86' lang='grc' dir='ltr'><strong><em>παρεσκεύασε</em></strong></span> <span class='ocrx_word' id='word_1_222' title='bbox 522 3206 599 3280; x_wconf 88' lang='grc' dir='ltr'><strong><em>τοὺς</em></strong></span> <span class='ocrx_word' id='word_1_223' title='bbox 628 3202 901 3281; x_wconf 88' lang='grc' dir='ltr'><strong><em>ἀποκτενοῦντας·</em></strong></span> <span class='ocrx_word' id='word_1_224' title='bbox 948 3205 983 3270; x_wconf 86' lang='grc' dir='ltr'><strong><em>οί</em></strong></span> <span class='ocrx_word' id='word_1_225' title='bbox 1009 3201 1046 3269; x_wconf 73' lang='grc' dir='ltr'><strong><em>δὲ</em></strong></span> <span class='ocrx_word' id='word_1_226' title='bbox 1074 3204 1149 3292; x_wconf 79' lang='grc' dir='ltr'><strong><em>περὶ</em></strong></span> 
     </span>
     <span class='ocr_line' id='line_1_30' title="bbox 146 3310 1150 3395; baseline 0.005 -23"><span class='ocrx_word' id='word_1_227' title='bbox 146 3312 302 3393; x_wconf 87' lang='grc' dir='ltr'><strong><em>Δελφοὺς</em></strong></span> <span class='ocrx_word' id='word_1_228' title='bbox 333 3310 513 3395; x_wconf 77' lang='grc' dir='ltr'><strong><em>ε’νηδρευον</em></strong></span> <span class='ocrx_word' id='word_1_229' title='bbox 543 3311 737 3392; x_wconf 87' lang='grc' dir='ltr'><strong><em>αίσθόμενοι</em></strong></span> <span class='ocrx_word' id='word_1_230' title='bbox 772 3310 946 3392; x_wconf 81' lang='grc' dir='ltr'><strong><em>βαδίζοντα</em></strong></span> <span class='ocrx_word' id='word_1_231' title='bbox 982 3312 1063 3395; x_wconf 90' lang='grc' dir='ltr'><strong><em>πρὸς</em></strong></span> <span class='ocrx_word' id='word_1_232' title='bbox 1091 3312 1150 3377; x_wconf 88' lang='grc' dir='ltr'><strong><em>τὸν</em></strong></span> 
     </span>
     <span class='ocr_line' id='line_1_31' title="bbox 147 3411 1150 3499; baseline 0.004 -21"><span class='ocrx_word' id='word_1_233' title='bbox 147 3417 231 3480; x_wconf 90' lang='grc' dir='ltr'><strong><em>θεὸν</em></strong></span> <span class='ocrx_word' id='word_1_234' title='bbox 255 3413 319 3481; x_wconf 88' lang='grc' dir='ltr'><strong><em>ἀπὸ</em></strong></span> <span class='ocrx_word' id='word_1_235' title='bbox 341 3415 520 3499; x_wconf 89' lang='grc' dir='ltr'><strong><em>θαλάσσης.</em></strong></span> <span class='ocrx_word' id='word_1_236' title='bbox 565 3416 737 3498; x_wconf 91' lang='grc' dir='ltr'><strong><em>γενόμενοι</em></strong></span> <span class='ocrx_word' id='word_1_237' title='bbox 760 3411 792 3478; x_wconf 88' lang='grc' dir='ltr'><strong><em>δ’</em></strong></span> <span class='ocrx_word' id='word_1_238' title='bbox 814 3415 955 3478; x_wconf 78' lang='grc' dir='ltr'><strong><em>ὄπισθεν</em></strong></span> <span class='ocrx_word' id='word_1_239' title='bbox 977 3415 1079 3481; x_wconf 82' lang='grc' dir='ltr'><strong><em>αὐτοῦ</em></strong></span> <span class='ocrx_word' id='word_1_240' title='bbox 1102 3421 1150 3482; x_wconf 90' lang='grc' dir='ltr'><strong><em>λί-</em></strong></span> 
     </span>
     <span class='ocr_line' id='line_1_32' title="bbox 144 3520 1150 3605; baseline 0.004 -21"><span class='ocrx_word' id='word_1_241' title='bbox 144 3526 230 3598; x_wconf 88' lang='grc' dir='ltr'><strong><em>θους</em></strong></span> <span class='ocrx_word' id='word_1_242' title='bbox 259 3520 422 3605; x_wconf 85' lang='grc' dir='ltr'><strong><em>μεγάλους</em></strong></span> <span class='ocrx_word' id='word_1_243' title='bbox 452 3520 671 3604; x_wconf 80' lang='grc' dir='ltr'><strong><em>ἐμβάλλουσιν</em></strong></span> <span class='ocrx_word' id='word_1_244' title='bbox 700 3525 747 3596; x_wconf 85' lang='grc' dir='ltr'><strong><em>είς</em></strong></span> <span class='ocrx_word' id='word_1_245' title='bbox 774 3541 809 3584; x_wconf 88' lang='grc' dir='ltr'><strong><em>τε</em></strong></span> <span class='ocrx_word' id='word_1_246' title='bbox 835 3521 897 3603; x_wconf 80' lang='grc' dir='ltr'><strong><em>τὴν</em></strong></span> <span class='ocrx_word' id='word_1_247' title='bbox 922 3522 1069 3604; x_wconf 76' lang='grc' dir='ltr'><strong><em>κεφαλὴν</em></strong></span> <span class='ocrx_word' id='word_1_248' title='bbox 1094 3521 1150 3588; x_wconf 78' lang='grc' dir='ltr'><strong><em>καὶ</em></strong></span> 
     </span>
    </p>
   </div>
   <div class='ocr_carea' id='block_1_4' title="bbox 0 0 1376 4028">
    <p class='ocr_par' dir='ltr' id='par_1_7' title="bbox 0 0 1376 4028">
     <span class='ocr_line' id='line_1_33' title="bbox 0 0 1376 4028; baseline 0 0"><span class='ocrx_word' id='word_1_249' title='bbox 0 0 1376 4028; x_wconf 95' lang='lat' dir='ltr'><strong><em> </em></strong></span> 
     </span>
    </p>
   </div>
  </div>
 </body>
</html>
