2722 4028
199 213 242 275 60
510 216 609 269 XVHI.
629 213 886 266 ΠΔΟΤΤΑΡΧΟΣ.

198 375 341 456 λόμενον
358 369 441 458 ὑπέρ
456 375 614 438 Αἰσώπου
634 374 730 456 δίκην
744 375 858 455 λαβεῖν
871 368 947 456 παρ’
966 369 1084 434 αὐτῶν.
1107 371 1201 454 τρίτη

198 475 236 542 δὲ
258 487 355 564 γενεᾷ
370 475 645 561 ΣάμιοςἸάδμων
659 477 805 561 ἀφίκετο,
827 474 916 559 γένει
938 471 999 559 μέν
1022 469 1122 540 οὐδὲν
1140 476 1201 538 Αί-

199 584 310 648 σάπου
333 586 526 668 προσήκων,
553 581 716 665 ἀπόγονος
739 578 775 646 δέ
798 592 864 646 τῶν
886 577 1076 665 πριαμένων
1099 578 1202 644 αὐτὸν

198 687 235 752 έν
258 688 362 776 Σάμφ
389 689 549 770 γεγονώς·
580 686 635 752 καὶ
663 688 768 774 τούτῳ
795 686 886 762 τινάς
913 686 1006 760 δίκας
1032 685 1146 760 δόντες
1168 685 1205 749 οί

198 791 327 876 Δελφοὶ
350 804 416 857 τῶν
439 803 548 857 κακῶν
572 791 815 876 ἀπηλλάγησαν.
852 789 885 868 ἐξ
910 790 1038 854 ἐκείνου
1061 789 1101 854 δέ
1118 806 1200 874 φασι

198 895 253 980 καὶ
280 899 340 981 τὴν
367 891 526 982 τιμωρίαν
553 908 619 962 τῶν
648 898 829 980 ίεροσάλων
856 893 909 960 ἐπὶ
935 897 996 979 την
1022 897 1200 960 Ναυπλίαν

163 1015 180 1062 4
199 1001 262 1067 ἀπὸ
285 1011 342 1086 τῆς
359 1000 534 1085 Ὑαμπείας
556 1008 782 1084 μετατεθῆναι.
819 997 884 1064 Καὶ
907 1001 966 1064 τὸν
985 996 1200 1084 Ἁλέξανδρον

199 1103 278 1172 οὐδὲ
297 1108 332 1172 oc
347 1108 434 1172 πάνυ
453 1111 639 1191 φιλοῦντες,
657 1101 704 1171 ὧν
724 1105 821 1189 ἐσμεν
840 1103 895 1170 καὶ
907 1105 1011 1188 ἡμεῖς,
1030 1105 1201 1172 ἐπαινοῦσι

199 1213 236 1277 τὸ
250 1212 446 1295 Βραγχιδῶν
465 1211 546 1274 ἀστυ
566 1209 748 1295 συγχέαντα
765 1211 820 1274 καλ
839 1211 1078 1294 διαφθείραντα
1092 1220 1201 1275 πᾶσαν

199 1317 329 1399 ἡλικίαν
360 1317 415 1380 διά
444 1316 505 1398 τὴν
534 1315 715 1400 γενομένην
741 1325 801 1403 τοῦ
828 1313 902 1397 περὶ
928 1318 1081 1398 Μίλητον
1109 1316 1201 1400 ίεροῦ

165 1422 381 1506 οπροδοσίαν
411 1421 475 1486 ὑπὸ
506 1431 571 1485 τῶν
600 1420 806 1505 προπάππων
836 1420 953 1485 αὐτῶν.
998 1418 1202 1504 Ἀγαθοκλῆς

201 1524 249 1609 δέ,
268 1525 286 1592 ὁ
303 1529 542 1610 Συρακουσίων
560 1527 732 1610 τύραννος,
750 1523 804 1590 καὶ
822 1528 885 1590 σὺν
903 1523 1019 1615 γέλωτι
1036 1526 1202 1611 χλευάζων

200 1634 426 1715 Κερκυραίους
456 1631 657 1716 ἐρωτῶντας,
690 1631 745 1694 διά
774 1634 809 1695 τί
835 1634 978 1715 πορθοίη
1008 1632 1068 1714 τὴν
1096 1640 1202 1716 νῆσον
1330 1668 1331 1702 ι

201 1736 322 1801 αὐτῶν·
347 1733 434 1800 ΜΟτι
455 1738 497 1820 νὴ
516 1733 608 1818 Δία’,
630 1729 732 1818 εἶπεν,
755 1734 803 1801 ‘os
821 1733 956 1819 πατέρες
973 1736 1067 1820 ὑμῶν
1084 1736 1202 1803 ὑπεδέ·

201 1839 298 1918 ξαντα
325 1843 384 1906 τὸν
403 1838 582 1904 Ὀδυσσέαῖ
627 1838 682 1904 καλ
704 1851 771 1905 τῶν
791 1837 984 1921 Ἰθακησίων
1007 1839 1126 1923 ὁμοίως
1149 1840 1202 1924 ε’γ-

200 1946 403 2028 καλούντων,
426 1945 476 2010 ότι
498 1948 645 2031 πρόβατα
668 1944 894 2028 λαμβάνουσιν
917 1943 1026 2008 αὐτῶν
1049 1946 1085 2010 oc
1104 1961 1201 2026 στρα-

201 2062 324 2116 τιῶται·
355 2050 406 2114 “0
430 2048 466 2115 δὲ
488 2048 666 2135 ὑμέτερος’,
693 2053 772 2134 ἔφη,
800 2050 966 2133 ’βασιλεὺς
988 2048 1098 2114 ἐλθὼν
1119 2053 1202 2132 πρὸς

166 2173 182 2220 6
201 2158 284 2241 ἡμᾶς
306 2154 361 2221 καὶ
383 2158 441 2220 τὸν
464 2154 602 2238 ποιμένα
624 2153 953 2240 προσεξετύφλωσεν.’
985 2149 1036 2240 ἀρ’
1058 2151 1202 2221 οὖνούκ

201 2261 404 2346 ἀτοπώτερος
426 2261 552 2324 τούτων
575 2257 786 2342 δἈπόλλων,
809 2263 840 2324 εί
858 2260 1022 2336 Φενεάτας
1040 2260 1201 2326 ἀπόλλυσι

200 2369 278 2441 τοὺς
304 2375 368 2431 νῦν
396 2364 560 2452 ἐμφράξας
585 2367 622 2432 τὸ
645 2366 818 2452 βάραθρον
840 2363 895 2429 καὶ
917 2367 1119 2442 κατακλύσας
1140 2368 1201 2449 τὴν

200 2471 312 2555 χῶραν
334 2472 463 2536 ἀπασαν
482 2471 601 2554 αὐτῶν,
625 2471 675 2535 ότι
693 2473 756 2554 πρὸ
775 2474 891 2555 χιλίων
909 2469 1003 2552 έτῶν,
1026 2471 1069 2547 ὥς
1087 2489 1201 2555 φασιν,

202 2573 401 2660 ὁἮρακλῆς
428 2575 616 2651 ἀνασπάσας
642 2578 701 2641 τὸν
728 2577 867 2656 τρίποδα
894 2578 953 2641 τὸν
975 2578 1132 2659 μαντικὸν
1155 2579 1202 2654 είς

203 2683 330 2745 Φενεὸν
362 2680 538 2763 ἀπηνεγκε;
574 2684 775 2763 Συβαρίταις
808 2676 844 2744 δέ
875 2681 1007 2764 φράζων
1039 2679 1201 2746 ἀπόλυσιν

202 2795 268 2849 τῶν
286 2794 406 2866 κακῶν,
432 2784 510 2848 ὅταν
528 2782 635 2867 τρισὶν
655 2783 808 2869 ὀλέθροις
828 2786 1003 2849 ίλάσωνται
1021 2787 1058 2851 τὸ
1077 2788 1202 2870 μήνιμα

202 2897 258 2971 τῆς
280 2891 465 2964 Λευκαδίας
478 2887 598 2973 Ἥρας;
627 2886 681 2952 καὶ
705 2890 769 2972 μὴν
793 2889 833 2954 οὐ
855 2893 958 2965 πολὺς
980 2892 1113 2975 χρόνος,
1140 2891 1196 2975 ἀφ’

203 2989 243 3058 οὗ
267 2991 391 3076 Λοκροὶ
418 2991 598 3076 πέμποντες
623 2994 670 3070 είς
696 2997 818 3079 Τροίαν
840 2992 1021 3059 πέπαυνται
1043 2996 1100 3071 τάς
1121 3017 1201 3079 παρ-

201 3097 339 3181 θένους,

247 3202 307 3266 ‘AE
325 3203 381 3266 καὶ
404 3202 623 3286 ἀναμπέχονοι
645 3215 783 3302 γνμνοίς
804 3208 919 3288 ποσίν,
941 3204 1017 3288 ἠΰτε
1041 3208 1174 3290 δοῦλαι,

247 3309 336 3391 ἠοῖαι
360 3311 532 3391 σαίρεσκον
553 3306 730 3393 Ἀθηναίης
752 3309 826 3395 περὶ
849 3313 961 3394 βωμὸν

246 3417 347 3498 νόσφι
370 3411 581 3497 κρηδέμνοιο,
604 3412 659 3478 καὶ
682 3416 712 3478 εί
733 3417 818 3499 βαρὺ
841 3423 944 3500 γῆρας
966 3415 1096 3499 ίκάνοί,

169 3537 184 3584 7
205 3520 260 3582 διά
283 3521 343 3601 τὴν
362 3524 504 3593 Αίαντος
527 3517 715 3583 ἀκολασίαν.
747 3529 812 3583 ποῦ
831 3521 872 3601 δὴ
890 3530 991 3584 ταῦτα
1009 3524 1045 3586 τὸ
1064 3523 1204 3606 εὔλογον
