2722 4028
476 219 561 270 XVII.
579 219 836 273 ΠΔΟἹἿἏΡΧΟΣ.
1116 219 1157 282 57

153 377 418 459 παραιτούμενος
438 375 577 461 ἐμμελὴς
595 381 685 443 ἐσται
702 379 742 443 τὰ
760 382 898 464 γλίσχρα
915 376 970 442 καὶ
990 379 1160 444 διακονικὰ

108 487 114 498 ’
154 477 214 544 καί
244 485 394 564 μείζονας
422 484 538 567 ἔχοντα
567 494 636 560 τοῖς
661 484 861 568 πράττουσιν
888 482 1042 567 ἀσχολίας
1068 482 1088 567 ῆ
1111 480 1155 547 δι’

157 583 218 661 οὓς
241 587 413 669 πράττεται
430 591 541 672 χρείας
558 586 612 652 καὶ
631 588 801 673 ὠφελείας·
827 591 894 652 ἐστι
913 585 950 652 δὲ
968 588 1052 652 ὅπου
1070 609 1160 672 περι-

157 688 269 773 μένων
286 689 421 755 καλέσαι
438 690 493 756 καὶ
510 699 656 776 ποθῆσαι
674 691 729 758 καὶ
746 698 918 777 μετελθεῖν
936 699 1071 758 οἴκοθεν
1084 695 1161 768 τοὺς

157 799 294 873 πολίτας
308 795 570 881 ἀξιοπιστότερος
584 797 753 882 δεομένοις
765 799 898 863 κάτεισι.
921 799 961 863 τά
976 795 1013 863 δέ
1026 804 1160 863 πλείστα
1179 814 1196 862 ι)

157 899 215 964 καί
237 902 352 986 παρὼν
370 911 476 986 σιωπῆ
494 914 563 979 τοῖς
580 903 751 987 νεωτέροις
769 903 877 987 λέγειν
895 907 1063 988 παρίησιν,
1087 895 1160 969 οἷον

158 1007 333 1090 βραβεύων
357 1011 543 1090 φιλοτιμίας
564 1014 734 1093 πολιτικῆς
751 1010 905 1092 ἅμιλλαν·
930 1007 987 1073 ἐὰν
1006 1005 1043 1073 δέ
1061 1009 1160 1091 ὑπερ-

158 1110 264 1196 βάλλη
291 1113 328 1176 τὸ
356 1111 505 1196 μέτριον,
533 1117 781 1197 καθαπτόμενος
803 1115 907 1197 ἠπίως
928 1112 983 1178 καὶ
1006 1114 1085 1197 μετὰ
1107 1114 1161 1178 εύ-

160 1219 291 1298 μενείας
308 1215 459 1300 ἀφαιρῶν
472 1222 675 1302 φιλονεικίας
692 1217 746 1283 καὶ
761 1222 968 1303 βλασφημίας
981 1217 1036 1284 καὶ
1050 1219 1161 1303 ὀργάς,

159 1319 197 1384 έν
220 1317 257 1384 δέ
279 1333 350 1398 ταῖς
372 1323 517 1406 γνώμαις
538 1325 597 1389 τὸν
616 1323 845 1408 ἁμαρτάνοντα
862 1325 1163 1410 παραμυθούμενος

160 1427 240 1490 ἀνευ
272 1429 380 1509 ψόγου
411 1425 466 1492 καὶ
496 1429 678 1511 διδάσκων,
710 1428 854 1494 ἐπαινῶν
884 1425 914 1493 δ’
943 1427 1076 1512 ἀφόβως
1102 1433 1161 1494 τὸν

159 1537 406 1616 κατορθοῦντα,
434 1531 489 1597 καλ
511 1536 691 1617 νικώμενος
714 1532 870 1610 ἑκουσίως
892 1535 946 1598 καί
968 1532 1161 1617 προιέμενος

160 1639 196 1701 τὸ
215 1647 325 1701 πείσαι
343 1635 398 1700 καὶ
416 1638 647 1720 περιγενέσθαι
665 1641 831 1722 πολλάκις,
850 1639 937 1715 ὅπως
956 1637 1160 1716 αὐξάνωνται

159 1739 215 1806 καὶ
236 1747 421 1826 θαρσῶσιν,
444 1741 543 1819 ἐνίοις
566 1739 602 1808 δέ
620 1742 674 1808 καὶ
693 1749 955 1827 συναναπληρῶν
973 1742 1041 1828 μετ’
1060 1744 1160 1829 εύφη·

160 1850 235 1930 μίας
257 1849 294 1912 τὸ
318 1845 485 1930 ἐλλεῖπον,
509 1849 552 1924 ώς
575 1849 592 1913 ὁ
615 1846 767 1932 Νέστωρ·

204 1951 318 2028 Ὃύτις
340 1975 390 2017 τοι
413 1955 471 2018 τὸν
494 1959 605 2037 μῦθον
629 1953 815 2036 ὀνόσσεται,
838 1954 931 2018 ὅσσοι
950 1952 1104 2039 Ἀχαιῶν,

204 2053 283 2122 οὐδὲ
305 2057 406 2122 πάλιν
429 2055 525 2140 ἐρέει·
548 2057 629 2138 ἀτάρ
653 2059 693 2122 οὐ
714 2056 807 2134 τέλος
828 2059 897 2122 ἵκεο
920 2060 1048 2142 μύθων.

203 2158 223 2246 ἦ
248 2164 313 2246 μὴν
335 2161 390 2227 καὶ
412 2161 486 2239 νέος
508 2162 595 2245 ἐσσί,
618 2162 693 2246 έμδς
716 2161 755 2226 δέ
775 2185 811 2226 κε
833 2165 888 2227 καὶ
909 2164 986 2240 πάις
1008 2161 1091 2246 είης.’

230 2269 356 2333 Τούτου
380 2263 417 2332 δὲ
435 2268 698 2352 πολιτικώτερον,
720 2268 763 2351 μὴ
783 2271 887 2351 μόνον
906 2267 1058 2351 ἐμφανῶς
1076 2264 1158 2352 μηδὲ
1177 2286 1194 2332 6

160 2374 302 2459 δημοσίᾳ
333 2373 502 2452 ὀνειδίζων
536 2375 616 2438 ἀνευ
647 2374 774 2456 δηγμοῦ
804 2374 933 2457 σφόδρα
962 2373 1159 2448 κολούοντος

159 2476 213 2542 καὶ
237 2487 478 2559 ταπεινοῦντος,
500 2477 583 2542 ἀλλά
606 2483 732 2562 μᾶλλον
755 2479 823 2564 ίδίηι
845 2489 914 2553 τοίς
936 2473 973 2542 εὖ
997 2480 1159 2560 πεφυκόσι

159 2586 240 2667 πρὸς
262 2587 429 2648 πολιτείαν
450 2581 689 2666 ὑποτιθέμενος
711 2579 765 2647 καί
789 2583 1086 2666 συνεισηγούμενος
1106 2582 1158 2645 εύ-

160 2699 265 2771 μενῶς
288 2691 407 2770 λόγους
428 2711 463 2752 τε
485 2691 645 2772 χρηστοὺς
667 2685 721 2752 καὶ
743 2689 977 2771 πολιτεύματα,
1005 2685 1158 2770 συνεξορ-

160 2805 231 2876 μῶν
253 2795 334 2878 πρὸς
356 2794 395 2856 τά
418 2793 501 2857 καλά
523 2791 577 2857 καὶ
601 2794 918 2880 συνεπιλαμπρύνων
937 2795 973 2858 τὸ
992 2795 1159 2876 φρόνημα,

159 2896 213 2962 καὶ
235 2896 398 2982 παρέχων,
421 2899 529 2982 ὥσπερ
553 2899 588 2963 οί
609 2899 819 2974 διδάσκοντες
838 2898 997 2980 ἱππεύειν,
1020 2896 1056 2961 έν
1075 2895 1158 2982 ἀρχῆ

159 3007 316 3087 χειροήθη
349 3000 403 3066 καί
434 3010 542 3088 πρᾷον
572 3001 723 3086 ἐπιβῆναι
752 3006 810 3068 τὸν
841 3004 961 3086 δῆμον·
1002 3003 1033 3065 εί
1062 2999 1101 3066 δέ
1127 3026 1159 3067 τι

160 3113 312 3192 σφαλείη,
344 3109 387 3191 μὴ
419 3117 584 3190 περιορῶν
614 3106 842 3192 ἐξαθυμοῦντα
872 3109 929 3172 τὸν
958 3103 1052 3188 νέον,
1084 3101 1156 3170 ἀλλ’

158 3212 291 3290 ἀνιστάς
318 3211 373 3277 καὶ
394 3213 710 3296 παραμυθούμενος,
737 3213 781 3288 ῶς
799 3209 998 3295 Ἀριστείδης
1019 3213 1158 3294 Κίμωνα

157 3317 211 3383 καὶ
243 3322 455 3403 Μνησίφιλος
489 3316 724 3400 Θεμιστοκλέα,
757 3315 1073 3403 δυσχεραινομένους
1103 3314 1159 3380 καὶ

158 3435 264 3500 κακῶς
291 3423 471 3500 ἀκούοντας
499 3423 535 3488 ἐν
562 3432 600 3507 τῆ
628 3426 722 3488 πόλει
744 3426 781 3488 τὸ
804 3433 934 3507 πρῶτον
958 3423 1002 3498 ὡς
1018 3424 1159 3515 ίταμαὺς

156 3529 210 3593 καὶ
234 3529 446 3611 ἀκολάστους,
470 3528 593 3612 ἐπῆραν
616 3526 670 3592 καὶ
693 3527 933 3611 ἀνεθάρρυναν.
970 3524 1096 3608 λέγεται
1120 3523 1190 3594 δὲι
