2722 4028
480 211 525 262 VI.
544 209 801 262 ΠΛΟΤΤΑΡΧΟΣ.
1100 206 1142 270 21

134 365 308 451 Ἀθηναῖοι
341 364 378 433 δέ
409 369 468 434 τὸν
498 367 573 452 περὶ
602 377 658 452 τῆς
686 369 794 454 ἔριδος
821 378 887 433 τών
914 375 1005 433 θεῶν
1032 374 1179 451 μῦθονσ

140 471 267 549 ἀτόπως
289 473 471 549 πλάσαντες
489 473 710 559 ἐπανόρθωμα
727 481 784 556 τῆς
802 472 936 550 ἀτοπίας
954 473 994 540 ού
1013 477 1144 558 φαῦλον

140 575 291 661 ἐνέμιξαν
314 577 415 666 αὐτῷ·
452 580 512 662 την
535 579 598 663 γὰρ
622 577 779 664 δευτέραν
803 577 988 662 ἐξαιροῦσιν
1012 577 1062 643 ἀεὶ
1085 588 1145 644 τοῦ

80 747 92 760 ,
139 685 411 768 Βοηδρομιῶνος,
439 684 483 760 ώς
510 683 547 748 έν
570 683 677 769 ἐκείνη
700 693 744 771 τβ
769 686 957 750 Ποσειδῶνι
980 686 1062 770 πρὸς
1084 684 1144 766 την

137 786 283 872 Ἀθηνάν
310 787 487 872 γενομένης
513 797 569 872 τῆς
598 791 765 874 διαφοράς.
810 793 844 854 τί
863 785 925 854 οὖν
947 791 1067 854 κωλύει
1089 787 1179 853 καλῖ

141 895 225 978 ἡμᾶς
248 893 284 958 ἐν
308 895 452 982 διαφορᾷ
475 915 552 960 ποτε
575 897 656 979 πρὸς
674 897 815 971 οἰκείους
832 893 887 959 καὶ
905 906 1074 978 συγγενεῖς
1092 918 1144 978 γε-

140 996 302 1082 νομένους
331 998 368 1064 ἐν
398 999 560 1086 ἀμνηστία
588 1001 649 1083 την
678 999 803 1084 ἡμέραν
833 998 961 1083 ἐκείνην
990 1003 1144 1064 τίθεσθαι

141 1101 197 1169 καὶ
224 1108 304 1187 μίαν
331 1115 398 1170 τών
426 1104 629 1190 ἀποφράδων
650 1108 812 1188 νομίζειν,
839 1102 922 1168 ἀλλά
945 1105 989 1188 μη
1012 1109 1145 1169 πολλῶν

140 1208 195 1275 καὶ
225 1208 363 1292 ἀγαθῶν
394 1209 430 1275 ἐν
460 1201 512 1286 αἶς
541 1210 788 1296 συνετράφημεν
816 1207 871 1274 καὶ
899 1211 1145 1294 συνεβιώσαμεν

140 1315 273 1399 ἡμερῶν
304 1316 359 1380 διὰ
389 1319 468 1399 μίαν
498 1315 792 1394 ἐπιλανθάνεσθαι;
825 1314 845 1398 ἢ
873 1317 935 1401 γὰρ
963 1315 1068 1400 μάτην
1090 1313 1145 1380 καλ

140 1422 221 1506 πρὸς
244 1416 343 1485 οὐδὲν
366 1421 386 1504 η
410 1422 509 1506 φύσις
535 1421 610 1504 ἡμῖν
634 1423 734 1485 ἐδωκε
756 1423 923 1507 πραότητα
945 1419 1000 1485 καὶ
1018 1444 1145 1506 μετριο-
1248 1433 1250 1438 ’

141 1529 280 1602 παθείας
317 1527 455 1608 ἔκγονον
492 1525 713 1603 ἀνεξικακίαν·
754 1524 774 1608 ἢ
811 1526 950 1610 μάλιστα
986 1525 1144 1610 χρηστέον

141 1632 270 1707 τούτοις
301 1634 382 1717 πρὸς
415 1643 584 1714 συγγενεῖς
612 1629 666 1696 καὶ
696 1633 844 1708 οἰκείους.
890 1631 950 1716 οὐχ
979 1626 1078 1714 ἧττον
1108 1627 1179 1695 δέ8

142 1747 201 1802 τοῦ
232 1737 362 1802 διδόναι
392 1739 590 1821 συγγνώμην
620 1736 801 1822 ἁμαρτοῦσι
830 1739 866 1802 τὸ
897 1739 1061 1802 αἰτεῖσθαι
1090 1734 1145 1800 καλ

142 1842 323 1925 λαμβάνειν
360 1842 479 1918 αύτούς
511 1841 715 1928 ἁμαρτόντας
746 1843 880 1908 εὔνοιαν
910 1841 1062 1926 ἐμφαίνει
1091 1839 1145 1905 καὶ

142 1949 388 2031 φιλοστοργίαν.
433 1947 515 2011 ὅθεν
548 1945 766 2032 ὀργιζομένων
798 1970 831 2012 τε
862 1948 915 2011 δεῖ
940 1948 984 2030 μὴ
1013 1945 1145 2030 ἀμελεῖν

142 2049 198 2116 καὶ
220 2049 493 2137 παραιτουμένοις
515 2053 559 2136 μη
582 2051 791 2134 ἀντιτείνειν,
819 2051 901 2117 ἀλλά
923 2050 978 2116 καί
1000 2052 1145 2137 φθάνειν

142 2157 300 2233 πολλάκις
322 2156 524 2243 ἁμαρτόντας
546 2156 665 2233 αὐτοὺς
687 2165 726 2241 τῇ
744 2160 934 2242 παραιτήσει
952 2158 1013 2240 την
1032 2159 1146 2244 ὀργήν,

143 2261 361 2347 ἀδικηθέντας
379 2286 412 2328 τε
430 2262 530 2328 πάλιν
549 2257 591 2326 αὖ
609 2271 648 2346 τῇ
667 2263 844 2347 συγγνώμη
863 2264 923 2346 τὴν
939 2267 1145 2347 παραίτησιν.

143 2369 161 2435 ὁ
180 2365 240 2452 μὲν
259 2364 321 2434 οὖν
339 2369 549 2453 Σωκρατικὸς
562 2367 743 2451 Εὐκλείδης
762 2367 798 2432 ἐν
816 2377 887 2444 ταῖς
905 2373 1037 2452 σχολαῖς
1054 2390 1144 2451 περι·
1164 2385 1179 2432 9

143 2477 262 2558 βόητός
290 2474 394 2555 ἐστιν,
422 2474 472 2538 ὅτι
499 2474 616 2558 φωνην
643 2471 786 2548 ἀκούσας
810 2471 986 2556 ἀγνώμονα
1007 2471 1061 2537 καὶ
1084 2479 1145 2558 θη-

144 2580 248 2664 ριώδη
268 2589 327 2644 τοῦ
346 2578 493 2663 ἀδελφοῦ
510 2579 592 2663 πρὸς
610 2577 711 2642 αὐτὸν
729 2579 889 2654 εἰπόντος·
922 2575 1146 2662 ’Ἀπολοίμηη

144 2685 176 2748 εί
197 2686 241 2766 μη
266 2699 301 2747 σε
325 2682 591 2767 τιμωρησαίμηνῖ
638 2680 732 2765 “Ἐγὼ
756 2681 820 2766 δέ’,
847 2678 952 2766 εἶπεν,
976 2683 1022 2748 ‘sl
1043 2686 1087 2768 μή
1110 2703 1146 2748 σε

143 2791 293 2871 πείσαιμι
324 2790 515 2853 παύσασθαι
546 2797 603 2872 τῆς
635 2787 733 2872 ὀργῆς
763 2787 818 2852 καὶ
849 2794 957 2873 φιλεῖν
988 2787 1072 2872 ἡμᾶς
1103 2789 1148 2866 ὡς

143 2895 305 2978 πρότερον
324 2892 466 2977 ἐφίλεις.’
497 2895 534 2958 τὸ
554 2890 583 2956 δ’
598 2891 770 2976 Εὐμένους
787 2903 846 2959 τοῦ
864 2893 1023 2978 βασιλέως
1037 2897 1146 2979 ἔργον,
1167 2911 1199 2960 10

145 2999 186 3063 οὐ
209 3001 322 3082 λόγος,
350 2998 538 3081 ὑπερβολὴν
562 2997 720 3081 οὐδεμίαν
742 3001 922 3085 πρᾳότητος
944 2998 1147 3065 ἀπολέλοιπε.

146 3107 296 3188 Περσεὺς
317 3104 391 3188 γάρ,
414 3103 432 3169 ὁ
455 3113 521 3168 τῶν
541 3104 749 3168 Μακεδόνων
771 3105 934 3188 βασιλεύς,
958 3103 1078 3188 ἐχθρὸς
1101 3106 1147 3171 ὢν

146 3208 233 3296 αὐτῷ
266 3210 488 3294 παρεσκεύασε
520 3211 597 3284 τοὺς
627 3206 899 3285 ἀποκτενοῦντας·
946 3209 981 3274 οί
1007 3205 1044 3273 δέ
1072 3209 1147 3297 περὶ

144 3317 300 3397 Δελφοὺς
331 3315 512 3400 ἐνήδρευον
541 3315 736 3396 αἰσθόμενοι
771 3315 945 3396 βαδίζοντα
980 3316 1062 3400 πρὸς
1089 3317 1148 3381 τὸν

145 3421 229 3484 θεὸν
254 3418 317 3486 ἀπὸ
340 3420 518 3504 θαλάσσης.
563 3421 736 3502 γενόμενοι
759 3415 790 3483 δ’
813 3419 953 3484 όπισθεν
976 3419 1078 3486 αὐτοῦ
1100 3426 1148 3487 λί-

11 3589 12 3594 ,
142 3531 228 3602 θους
258 3524 420 3609 μεγάλους
450 3525 670 3609 ἐμβάλλουσιν
699 3529 745 3600 είς
773 3546 807 3588 τε
834 3525 895 3608 τὴν
921 3527 1067 3610 κεφαλὴν
1093 3526 1148 3592 καλ
