2722 4028
488 191 562 243 xm.
581 189 838 242 Πκοκνιεεοε.
1121 187 1164 250 43

159 349 255 430 νίβας
286 342 323 410 δὲ
354 348 436 430 πρὸς
466 348 503 412 τὸ
535 350 753 432 δημηγορεῖν,
786 349 846 414 οὐκ
876 350 942 434 ἔχει
969 352 1164 431 παραίτησιν

160 451 370 538 ἁμαρτάνων·
394 451 476 516 άλλδ
498 454 697 538 προσακούει
719 455 756 518 τὸ
779 463 839 519 τοῦ
861 454 1062 536 Εὐριπίδου·

257 555 403 622 Ὑάντων
425 558 488 642 γάρ
512 558 559 623 ὢν
582 561 734 643 ἔπραττες
756 558 796 623 οὐ
820 558 1048 642 ξυλουργικά·’

161 661 269 746 λέγειν
296 661 459 740 ἀπίθανος
486 664 533 728 ὢν
557 662 766 749 ἐπρέσβευες,
794 663 814 747 ἢ
838 661 990 750 ῥᾴθυμος
1012 666 1059 730 διν
1082 661 1164 752 ᾠκο-

159 771 284 852 νόμεις,
300 771 422 853 ψήφων
440 769 574 853 άπειρος
591 768 768 852 ἐταμίευες,
786 769 806 852 ἢ
825 767 933 853 γέρων
950 767 1005 834 καὶ
1019 769 1164 854 άσῦενης

161 873 374 960 ἐστρατήγεις.
404 877 569 957 Περικλῆς
594 869 630 938 δέ
649 871 703 938 καὶ
721 875 803 959 πρὸς
821 877 961 957 Κίμωνα
979 876 1163 958 διενείματο
1183 891 1217 938 10

161 981 221 1062 τὴν
243 980 397 1062 δύναμιν,
420 977 517 1055 αὐτὸς
545 975 607 1062 μὲν
629 980 744 1064 άρχειν
766 977 803 1044 έν
826 981 928 1063 άστει,
950 981 1008 1045 τὸν
1029 975 1066 1043 δέ
1083 984 1164 1063 πλη-

161 1087 312 1169 ρώσαντα
334 1085 391 1160 τάς
412 1094 494 1161 ναῦς
515 1095 584 1160 τοῖς
606 1085 787 1169 βαρβάροις
808 1089 975 1168 πολεμεῖν·
998 1080 1041 1168 ην
1063 1085 1163 1170 γδρδ

161 1187 222 1274 μὲν
248 1192 330 1273 πρὸς
355 1193 539 1272 πολιτείαν,
567 1189 585 1255 ὁ
610 1186 647 1254 δέ
669 1192 751 1274 πρὸς
772 1193 917 1274 πόλεμον
939 1189 1164 1275 εὐφυέστερος.

161 1296 333 1361 ἐπαινοῦσι
370 1290 407 1358 δὲ
437 1293 492 1360 καὶ
524 1297 583 1360 τὸν
613 1291 852 1378 Ἀναφλύστιον
886 1296 1078 1379 Εὔβουλον,
1114 1295 1164 1359 ὅτι

160 1405 271 1466 πίστιν
298 1403 383 1485 ἔχων
410 1399 447 1465 έν
474 1411 543 1476 τοῖς
570 1400 710 1484 μάλιστα
731 1398 786 1464 καὶ
809 1401 952 1484 δύναμιν
975 1396 1075 1466 οὐδέν
1097 1411 1163 1465 τῶν

156 1504 357 1590 Ἑλληνικῶν
384 1505 521 1592 ἔπραξεν
550 1501 621 1570 οὐδ’
649 1503 702 1569 έπὶ
725 1509 922 1590 στρατηγίαν
943 1500 1064 1589 ἦλθεν,
1089 1499 1160 1570 ἀλλ’

162 1610 213 1676 έπλ
236 1613 275 1676 τά
297 1614 443 1696 χρήματα
466 1609 562 1688 τάξας
583 1608 701 1675 ἑαυτὸν
718 1609 839 1694 ηὔξησε
857 1611 914 1686 τὰς
932 1611 1045 1686 κοινάς
1062 1627 1163 1692 προσ-

162 1719 261 1792 όδους
289 1714 344 1780 καὶ
373 1716 498 1800 μεγάλα
527 1717 589 1799 τὴν
615 1718 714 1780 πόλιν
742 1714 804 1780 άπὸ
832 1716 957 1780 τούτων
985 1713 1163 1799 ὠφέλησεν.

158 1817 341 1906 Ἰφικράτης
368 1816 405 1886 δὲ
431 1819 487 1885 καὶ
513 1818 647 1904 μελέτας
674 1823 784 1904 λόγων
805 1821 1002 1904 ποιούμενος
1024 1819 1061 1884 έν
1084 1827 1162 1909 οίκρε

161 1931 293 1992 πολλῶν
315 1929 489 2010 παρόντων
513 1925 712 2010 ἐχλευάζετο·
736 1923 876 2010 καὶγὰρ
899 1927 930 1989 εί
951 1928 1067 2008 λογεὺς
1085 1925 1164 2009 άγα-

161 2035 234 2115 θός,
253 2031 335 2096 άλλδ
354 2032 397 2116 μη
416 2036 542 2116 φαῦλος
560 2026 614 2114 ἦν,
633 2033 701 2095 έδει
719 2031 780 2114 τὴν
799 2030 835 2095 έν
853 2041 922 2106 τοῖς
935 2031 1048 2107 ὅπλοις
1062 2030 1163 2109 δόξαν

162 2137 338 2221 άγαπῶντα
360 2146 417 2220 τῆς
440 2142 557 2222 σχολῆς
581 2135 770 2214 ἐξίστασθαι
792 2146 861 2212 τοῖς
883 2147 1061 2221 σοφισταῖς.

229 2349 366 2432 Σπουδῇ
403 2345 515 2430 μέντοι
546 2345 600 2412 καὶ
632 2350 773 2434 προνοίᾳ
803 2343 878 2431 περὶ
911 2347 950 2410 τά
980 2346 1076 2410 κοινά
1108 2344 1162 2411 καὶ
1182 2363 1215 2416 11

161 2453 316 2536 φροντίδι
334 2453 416 2546 χιρὸς
433 2452 563 2516 ἅπασαν
582 2450 686 2536 άρχὴν
705 2449 756 2515 ἀεὶ
775 2448 1016 2534 διαμιλλητέον·
1040 2450 1081 2515 δν
1102 2448 1174 2535 μέν»

162 2551 224 2621 ὦσι
255 2559 435 2642 χαρίεντες,
467 2557 568 2621 αὐτὸν
598 2556 833 2640 ὑφηγούμενον
865 2555 885 2620 ά
917 2557 970 2620 δεῖ
999 2555 1054 2620 καὶ
1080 2558 1163 2642 φρά-

123 2669 127 2682 ’
163 2665 258 2739 ζοντα
281 2659 335 2725 καὶ
359 2662 494 2726 διδόντα
516 2667 660 2746 χρῆσθαι
678 2671 747 2736 τοῖς
763 2658 1036 2744 βεβουλευμένοις
1054 2662 1164 2747 ὀρθῶς

162 2764 217 2832 καὶ
243 2768 280 2832 τὸ
307 2767 421 2832 κοινὸν
448 2767 636 2848 εὐδοκιμεῖν
663 2766 866 2849 ὠφελοῦντα·
896 2764 954 2830 ἐάν
982 2764 1012 2830 δ’
1036 2767 1092 2852 ἐνῇ
1115 2792 1164 2845 τις

163 2869 301 2947 ἐκείνοις
319 2873 415 2948 ὄκνος
434 2871 454 2954 ἢ
472 2869 625 2954 μέλλησις
638 2868 658 2953 ἣ
674 2874 853 2954 κακοήθεια
866 2873 948 2956 πρὸς
960 2873 1020 2954 την
1034 2872 1164 2958 πρᾶξιν,

163 2977 249 3042 οὕτω
272 2978 333 3061 χρη
356 2975 508 3062 παριέναι
530 2979 585 3041 καῖ
609 2975 717 3059 λέγειν
740 2976 841 3042 αὐτὸν
864 2978 910 3053 είς
928 2980 1004 3053 τοὺς
1021 2983 1164 3056 πολλοὺς

163 3079 217 3146 καὶ
240 3083 283 3164 μὴ
306 3086 506 3165 παραμελεῖν
529 3078 611 3165 μηδὲ
634 3081 793 3166 ὑφίεσθαι
815 3093 881 3146 τῶν
902 3092 1036 3166 κοινῶν,
1059 3085 1103 3160 ὡς
1123 3087 1164 3151 ού

162 3196 329 3272 προσηκον
356 3188 515 3272 άρχοντος
538 3186 651 3272 ἑτέρου
674 3193 962 3271 πολυπραγμονεῖν
985 3187 1039 3253 καὶ
1062 3210 1164 3275 παρα-

164 3294 313 3357 διοικεῖν.
359 3293 376 3358 ὁ
406 3294 469 3376 γάρ
499 3296 601 3377 νόμος
629 3291 680 3358 ἀεὶ
708 3302 752 3380 τῷ
781 3294 820 3358 τά
848 3295 958 3358 δίκαια
983 3295 1164 3379 πράσσοντι

162 3395 217 3462 καὶ
244 3398 441 3480 γινώσκοντι
468 3399 507 3463 τά
535 3398 745 3484 συμφέροντα
771 3401 832 3482 τὴν
858 3400 991 3484 πρώτην
1013 3399 1104 3477 τάξιν
1128 3400 1164 3466 έν

161 3511 201 3587 τῇ
224 3508 371 3588 πολιτεία
395 3505 543 3569 δίδωσιν.
576 3499 629 3587 εἦν
653 3503 693 3568 δέ
707 3503 779 3585 τις’,
801 3509 914 3589 φησίν,
937 3503 986 3570 ’ἐν
1004 3515 1048 3593 τῷ
1068 3525 1165 3592 στρα-
