2722 4028
214 193 236 256 4
599 198 620 251 Ι.
640 193 822 255 ΞΕΝΟΦΩΝ.

212 361 329 419 τεσθαι
355 354 376 438 ἢ
403 355 500 437 λιμὸν
524 353 545 437 ἢ
573 355 669 432 δίψος
699 353 720 438 ἣ
746 355 834 439 ψύχη
858 353 878 437 ἣ
901 353 1029 437 θάλπη,
1055 351 1076 436 ἢ
1099 354 1216 428 νόσοις

213 457 425 546 ἐπικουρῆσαι
455 459 476 544 η
508 455 621 545 ῥώμην
643 458 792 544 ἀσκῆσαι
823 458 844 542 ἢ
878 459 939 524 ὅσα
966 457 1008 524 ἀν
1036 457 1160 543 ἀκούσῃ
1191 456 1214 541 ἢ

214 566 269 651 ίβη
287 565 308 648 ἢ
326 565 417 651 μάθη
436 566 694 649 βιαμεμνησθαις
713 564 754 630 ού
772 566 834 650 γάρ
848 565 935 630 πάνυ
949 581 1002 629 σοι
1015 563 1216 646 κατάδηλον,

214 669 265 734 ὅτι
286 670 373 756 παρά
395 663 496 734 τᾶλλα
519 673 584 756 ζῷα
602 669 710 754 ὥσπερ
727 671 804 734 θεολ
822 671 994 755 ἄνθρωποι
1012 669 1214 752 βιοτεύουσι,

214 775 313 859 φύσει
329 776 384 839 καί
402 783 446 862 τῷ
466 776 590 859 σώματι
607 772 662 840 καὶ
679 783 718 860 τῇ
736 783 824 860 ψυχῇ
838 775 1116 861 κρατιστεύοντες;
1135 773 1214 850 οῦτε

214 881 277 964 γὰρ
304 882 382 964 βοὸς
403 879 445 945 ἀν
467 883 552 964 έχων
575 890 683 964 σῶμα,
713 879 892 965 ἀνθρώπου
916 875 953 944 δὲ
974 880 1110 963 γνώμην
1137 877 1214 944 ἐδύ-

214 981 285 1049 νατ’
311 983 353 1050 ἀν
379 985 547 1070 πράττειν,
575 985 595 1050 ἃ
622 983 791 1069 ἐβούλετο,
818 982 895 1050 οὔθ’
917 984 978 1049 ὅσα
1004 995 1113 1070 χεῖρας
1135 987 1214 1070 ἔχει,

180 1091 344 1175 κάφρονα
371 1088 402 1154 δ’
424 1089 506 1174 ἐστί,
532 1089 635 1156 πλέον
658 1086 758 1155 οὐδὲν
782 1092 856 1175 ἔχει.
901 1092 943 1155 σὺ
966 1087 996 1154 θ’
1019 1087 1214 1174 ἀμφοτέρων

213 1205 281 1260 τῶν
311 1198 464 1260 πλείστου
496 1194 597 1274 ἀξίων
628 1197 809 1280 τετυχηκὼς
840 1195 900 1261 ούκ
932 1201 994 1260 οῖει
1023 1211 1084 1261 σου
1110 1198 1215 1271 θεοὺς

216 1298 452 1388 έπιμελεῖσθαις
481 1298 553 1365 ἀλλ’
578 1300 658 1365 ὅταν
684 1303 719 1365 τί
742 1303 918 1385 ποιήσωσι,
944 1311 1068 1384 νομιεῖς
1094 1300 1215 1376 αὐτούς
1341 1356 1342 1386 ,

216 1421 277 1470 σου
299 1405 511 1490 φροντίζειν;’
547 1403 662 1470 *Ὅταν
685 1405 866 1491 πέμπωσιν,
890 1407 998 1492 ὥσπερ
1017 1407 1070 1470 σολ
1089 1408 1129 1470 σὺ
1148 1407 1215 1490 φης
1342 1424 1343 1438 ’

215 1509 353 1594 πέμπειν
380 1511 514 1594 αὐτούς,
545 1512 753 1594 συμβούλους
781 1511 799 1576 ὅ
821 1535 853 1577 τι
880 1513 941 1596 χρη
962 1521 1069 1576 ποιεῖν
1092 1507 1146 1574 καὶ
1168 1511 1213 1593 μὴ

216 1615 344 1680 ποιεῖν’
379 1613 489 1680 ’Ὅταν
508 1613 537 1680 θ’
555 1614 769 1700 Ἀθηναίοις’,
792 1618 854 1702 ἔφη
873 1617 891 1684 ὁ
910 1616 1098 1701 Σωκράτης,
1120 1615 1214 1679 ’πυν-

215 1717 414 1804 θανομένοις
434 1742 467 1784 τι
490 1720 545 1784 διά
567 1729 722 1804 μαντικῆς
744 1721 920 1806 φράζωσιν,
943 1720 984 1785 οὐ
1005 1717 1059 1784 καλ
1082 1718 1135 1785 σοὶ
1158 1721 1214 1785 βο-

216 1836 283 1902 κεῖς
309 1825 444 1910 φράζειν
472 1823 606 1903 αὐτούς;
643 1821 717 1890 οὐδ’
744 1826 823 1891 ὅταν
850 1836 918 1902 τοῖς
935 1823 1070 1909 Ἕλλησι
1096 1822 1215 1909 τέρατα
1342 1903 1346 1924 ¹

216 1927 395 2013 πέμποντες
412 1933 691 2014 προσημαίνωσιν,
710 1927 781 1995 οὐδ’
800 1930 879 1995 ὅταν
897 1938 996 1994 πᾶσιν
1013 1929 1215 2016 ἀνθρώποις,

217 2033 300 2099 ἀλλὰ
326 2037 430 2118 μόνον
458 2030 494 2098 σὲ
520 2032 721 2118 ἐξαιροῦντες
748 2033 785 2100 ἐν
812 2034 945 2121 ἀμελείᾳ
970 2038 1213 2114 κατατίθενταις

183 2144 280 2206 σοῖει
302 2135 331 2202 θ’
355 2136 397 2202 ἀν
419 2140 496 2214 τοῦς
516 2141 617 2215 θεοὺς
639 2151 708 2216 τοῖς
729 2138 918 2224 ἀνθρώποις
941 2138 1041 2217 δόξαν
1060 2138 1215 2225 ἐμφῦσαι,

219 2243 262 2319 ὡς
290 2243 400 2307 ἱκανοί
423 2244 508 2308 είσιν
530 2238 572 2315 ,εὖ
598 2242 653 2309 καὶ
680 2253 785 2320 κακῶς
806 2254 930 2328 ποιεῖν,
959 2247 990 2309 εί
1011 2247 1055 2329 μὴ
1078 2243 1215 2310 δυνατοὶ

217 2343 317 2430 ἦσαν,
343 2345 397 2411 καὶ
421 2350 498 2424 τοὺς
519 2347 718 2434 ἀνθρώπους
740 2347 1006 2432 ἐξαπατωμένους
1028 2351 1086 2414 τὸν
1108 2350 1215 2414 πάντα

218 2453 339 2537 χρόνον
358 2449 505 2516 οὐδέποτ’
523 2451 564 2518 ἂν
582 2450 774 2530 αίσθέσθαι;
797 2452 857 2538 οὐχ
877 2453 966 2539 ὁρᾷς,
989 2453 1040 2517 ὅτι
1057 2454 1097 2516 τά
1114 2457 1215 2518 πολυ-

218 2558 418 2642 χρονιώτατα
447 2554 502 2620 καὶ
534 2558 705 2640 σοφώτατα
738 2567 803 2622 τῶν
834 2556 1074 2644 ἀνθρωπίνων,
1105 2560 1217 2634 πόλεις

219 2658 273 2725 καλ
309 2663 410 2745 ἔθνη,
450 2659 687 2745 θεοσεβέστατά
724 2660 809 2745 ἐστι,
849 2661 904 2728 καὶ
940 2664 976 2728 αί
1009 2664 1217 2747 φρονιμώτα·

218 2788 272 2830 ται
296 2764 419 2848 ἡλικίαι
444 2772 535 2831 θεῶν
559 2765 817 2849 ἐπιμελέσταται;
846 2766 984 2851 ὠγαθέ,
1012 2770 1085 2851 ἔφη,
1109 2766 1216 2832 ’κατά-

219 2876 321 2954 μαθε,
348 2870 398 2935 ὅτι
423 2868 478 2935 καὶ
505 2870 522 2936 ὁ
551 2869 604 2936 σολ
630 2881 710 2948 νοῦς
737 2872 821 2937 ἐνὼν
850 2873 886 2938 τὸ
910 2875 970 2938 σὸν
994 2883 1102 2957 σῶμα,
1129 2873 1217 2948 ὅπως

157 3007 159 3010 ·
185 2991 201 3038 6
220 2977 383 3060 βούλεται,
406 2979 662 3061 μεταχειρίζεται.
699 2982 829 3042 οἴεσθαι
853 2971 914 3042 οὖν
937 2979 998 3063 χρὴ
1020 2976 1075 3042 καὶ
1097 2979 1158 3060 την
1181 2976 1217 3043 ἐν

219 3087 264 3167 τῷ
292 3077 390 3144 παντὶ
416 3082 580 3164 φρόνησιν
606 3081 645 3144 τά
670 3081 791 3165 πάντα,
819 3082 908 3158 ὅπως
929 3081 971 3146 ἀν
994 3081 1074 3167 αὐτῇ
1097 3081 1161 3164 ἡδύ
1184 3075 1219 3168 ᾖ,

220 3184 305 3250 οὕτω
337 3189 506 3268 τίθεσθαι,
538 3182 592 3248 καλ
622 3186 666 3269 μη
696 3187 732 3250 τὸ
760 3188 821 3251 σὸν
847 3182 909 3270 μὲν
936 3178 1027 3270 ὄμμα
1051 3188 1219 3251 δύνασθαι

221 3288 274 3354 ἐπὶ
291 3290 396 3354 πολλὰ
414 3289 529 3354 στάδια
548 3287 758 3373 ἐξικνεῖσθαι,
779 3292 838 3355 τὸν
857 3286 893 3354 δὲ
912 3300 971 3356 τοῦ
988 3277 1073 3356 θεοῦ
1092 3292 1219 3374 ὀφθαλ-

221 3396 284 3478 μὸν
312 3393 476 3459 ἀδύνατον
503 3389 587 3459 εἶναι
613 3395 679 3478 ἅμα
705 3395 810 3460 πάντα
838 3395 935 3480 ὁρᾶν,
964 3391 1046 3479 μηδὲ
1073 3397 1134 3479 τὴν
1156 3397 1219 3480 σὴν

221 3494 282 3582 μὲν
303 3500 413 3584 ψυχὴν
435 3497 489 3564 καὶ
511 3497 586 3584 περὶ
607 3509 673 3564 τῶν
697 3500 817 3565 ἐνθάθε
840 3498 894 3565 καλ
916 3498 990 3585 περὶ
1013 3510 1078 3565 τῶν
1103 3500 1139 3565 έν
1157 3503 1219 3566 Αί-
