2722 4028
197 177 240 238 44
287 218 290 222 ·
522 182 593 233 XIV.
612 180 870 234 ΠΛΟΥΤΑΡΧΟΣ.

189 337 323 420 τεύματι
345 337 514 422 Ξενοφῶν,
538 340 612 403 οὔτε
632 341 812 424 στρατηγὸς
832 339 908 404 ούτε
927 337 1090 424 λοχαγός,
1113 335 1197 401 ἀλλὰ

189 449 234 528 τῷ
257 454 396 526 φρονεῖν
418 445 457 508 τά
481 443 598 508 δέοντα
621 443 676 508 καὶ
701 449 826 528 τολμᾶν
845 443 946 508 αὑτὸν
965 445 1011 519 είς
1028 445 1064 508 τὸ
1083 443 1197 527 ἀρχειν

140 563 171 612 1ν
189 549 390 630 καταστήσας
412 546 549 612 διέσωσε
571 545 836 632 τοὺςἝλληνας.
872 547 927 613 καὶ
949 557 1016 612 τῶν
1039 551 1197 612 Φιλοποί-

189 673 288 734 μενος
310 653 416 733 έργων
439 650 698 736 ἐπιφανέστατόν
717 651 785 716 ἐστι
798 653 835 716 τὸ
850 651 999 734 Νάβιδος
1013 655 1197 735 Μεσσήνην

189 759 444 838 καταλαβόντος,
472 756 533 820 ούκ
560 755 740 832 ἐθέλοντος
768 752 804 821 δέ
833 766 892 821 τοῦ
920 765 1102 841 στρατηγοῦ
1130 767 1197 820 τῶν

185 857 325 945 Ἀχαιῶν
343 866 482 944 βοηθεῖν
502 858 572 926 ἀλλ’
592 859 858 943 ἀποδειλιῶντος,
882 861 983 925 αὐτὸν
1005 860 1196 944 ὁρμήσαντα

191 967 270 1050 μετά
293 977 359 1031 τῶν
381 967 644 1050 προθυμοτάτων
665 967 746 1030 ἀνευ
766 967 929 1050 δόγματος
947 963 1117 1043 ἐξελέσθαι
1135 968 1197 1050 τήν

190 1074 296 1136 πόλιν.
342 1073 383 1136 οὐ
411 1073 476 1155 μήν
506 1073 561 1137 διά
584 1073 682 1156 μικρά
707 1069 834 1136 δεῖκαὶ
857 1072 897 1136 τά
919 1074 1061 1156 τυχόντα
1084 1096 1197 1138 καινο-

191 1188 314 1260 τομεῖν,
337 1175 407 1241 ἀλλ’
431 1175 483 1241 ἐπὶ
505 1189 573 1253 τοῖς
595 1176 796 1259 ἀναγκαίοις,
820 1177 864 1252 ὡς
887 1177 904 1242 ὁ
930 1180 1152 1261 Φιλοποίμην,
1174 1179 1197 1262 ή

121 1313 127 1333 ¹
192 1292 260 1358 τοῖς
282 1287 405 1365 καλοῖς,
428 1282 472 1358 ῶς
487 1279 760 1366 Ἐπαμεινώνδας,
783 1281 948 1365 ἐπιβαλὼν
966 1279 1118 1364 τέτταρας
1135 1293 1197 1367 μή-

192 1411 251 1464 νας
278 1396 316 1472 τῇ
340 1391 548 1474 Βοιωταρχίᾳ
574 1388 662 1470 παρά
689 1390 748 1453 τὸν
775 1391 895 1471 νόμον,
923 1386 959 1451 έν
986 1379 1036 1464 οἷς
1062 1391 1108 1465 είς
1134 1391 1198 1473 τήν

192 1495 391 1576 Λακωνικήν
421 1492 554 1576 ἐνέβαλε
584 1491 639 1557 καὶ
666 1493 705 1556 τά
732 1491 808 1578 περὶ
834 1495 1016 1576 Μεσσήνην
1044 1492 1197 1575 ἔπραξεν·

193 1597 280 1673 ὅπως
303 1597 365 1662 κάν
389 1597 516 1686 ἀπαντᾷ
534 1623 583 1674 τις
601 1596 654 1662 ἐπὶ
672 1599 778 1686 τούτῳ
796 1603 973 1683 κατηγορία
991 1596 1046 1662 καί
1064 1598 1197 1683 μέμψις,

192 1701 374 1785 ἀπολογίαν
396 1713 453 1788 τής
475 1707 579 1780 αἰτίας
601 1705 662 1787 τήν
685 1703 832 1787 ἀνάγκην
856 1705 979 1788 ἔχωμεν
1002 1703 1021 1787 ή
1045 1725 1196 1789 παραμυ-

191 1811 273 1873 θίαν
284 1819 343 1874 τοῦ
355 1810 514 1875 κινδύνου
526 1812 563 1875 τὸ
576 1807 715 1894 μέγεθος
725 1819 783 1892 τῆς
793 1807 939 1893 πράξεως
950 1807 1004 1873 καὶ
1018 1811 1055 1874 τὸ
1067 1810 1196 1887 κάλλος.

192 2071 278 2136 XIV.
308 2071 515 2136 Garrulitatis
539 2069 730 2159 (muliebris,
752 2076 938 2156 tonsorum,
960 2071 1196 2160 maleficorum)

539 2169 670 2254 punitae
694 2168 846 2252 exempla.

361 2297 513 2366 (Plutarch.
532 2298 566 2350 de
585 2295 751 2366 garrulitate
769 2313 792 2350 ο.
808 2304 831 2351 7.
854 2302 893 2350 11.
916 2303 956 2352 13.
978 2298 1030 2366 14.)

159 2461 172 2508 1
259 2442 391 2516 Σύλλας
418 2440 600 2525 ἐπολιόρκει
627 2441 683 2516 τάς
700 2437 847 2522 Ἀθήνας
875 2439 936 2503 οὐκ
963 2442 1046 2525 ἔχων
1074 2444 1197 2528 σχολήν

193 2546 399 2630 ἐνδιατρῖψαι
421 2549 543 2631 χρόνον
564 2547 683 2628 πολύν,
707 2543 789 2610 εἐπεὶ
809 2547 910 2621 πόνος
928 2546 1026 2622 ἀλλος
1045 2547 1198 2630 έπειγεν’,

191 2652 374 2737 ἡρπακότος
398 2648 458 2735 μέν
477 2649 589 2716 Ἀσίαν
612 2650 848 2735 Μιθριδάτου,
874 2661 941 2715 τῶν
965 2646 1002 2715 δέ
1024 2651 1098 2736 περὶ
1120 2653 1197 2716 Μά-

193 2781 267 2842 ριον
299 2753 398 2833 αὖθις
429 2755 466 2821 έν
488 2754 592 2842 Ῥώμη
625 2757 846 2841 κρατούντων.
893 2755 976 2822 ἀλλά
1003 2761 1197 2842 πρεσβυτῶν

191 2887 293 2928 τινων
321 2861 374 2927 ε’πὶ
400 2867 553 2946 κουρείου
581 2861 843 2947 διαλεγομένων,
871 2862 915 2937 ῶς
938 2862 979 2926 ού
1002 2863 1197 2946 φυλάττεται

193 2970 229 3033 τὸ
253 2965 475 3053 Ἑπτάχαλκον
506 2967 560 3034 καὶ
589 2969 777 3033 κινδυνεύει
808 2969 845 3032 τὸ
876 2968 957 3032 ἀστν
987 2965 1057 3032 κατ’
1090 2968 1197 3033 έκεῖνο

192 3079 362 3158 ληφθῆναι
391 3076 427 3138 τὸ
458 3071 569 3159 μέρος,
601 3072 800 3150 ἀκούσαντες
832 3073 867 3138 οί
891 3073 1090 3138 κατάσκοποι
1116 3076 1200 3158 πρὸς

191 3183 251 3246 τὸν
266 3179 400 3243 Σύλλαν
418 3177 616 3262 ἐξήγγειλαν.
646 3179 663 3244 ὁ
683 3175 712 3241 δ’
732 3179 838 3254 εὐθὺς
855 3179 916 3262 τήν
935 3179 1078 3261 δύναμιν
1096 3195 1198 3261 προσ-

191 3285 325 3370 αγαγὼν
346 3282 420 3366 περὶ
443 3281 542 3366 μέσας
559 3285 678 3360 νύκτας
696 3285 847 3366 εἰσήγαγε
866 3285 905 3348 τὸ
926 3283 1120 3369 στράτευμα,
1143 3281 1198 3348 καὶ

191 3400 311 3477 μικροῦ
333 3385 394 3473 μὲν
416 3387 596 3466 κατέσκαψε
619 3390 680 3472 τήν
703 3391 818 3472 πόλιν,
847 3386 1005 3472 ἐνέπλησε
1030 3385 1066 3453 δὲ
1089 3391 1198 3473 φόνου

190 3495 246 3560 καὶ
281 3505 426 3581 νεκρῶν,
462 3495 544 3558 ὥστε
581 3495 639 3558 τὸν
675 3495 885 3578 Κεραμεικὸν
922 3495 1033 3577 αἵματι
1069 3493 1197 3577 ῥυήναι.
