2722 4028
211 200 253 264 32
584 206 616 257 X.
636 200 819 262 ΞΕΝΟΦΩΝ.

211 377 327 427 σουσιν
359 364 555 445 αἰσθόμεναι
586 359 732 448 χαίροντ’
765 362 893 445 αύταίς,
929 373 996 427 τῶν
1028 357 1065 426 δὲ
1096 381 1214 446 προγε-

210 478 355 548 γονυιῶν
377 468 573 552 εὐεργεσιῶν
591 469 688 551 ήδιον
707 465 908 551 μεμνημένοι
925 468 986 551 τήν
1006 464 1059 531 ἀπ’
1078 466 1214 532 ἐκείνων

209 572 307 658 χάριν
330 571 484 655 αὐξήσετε
507 571 562 638 καὶ
584 573 620 638 ἐκ
642 574 769 638 τούτων
792 575 1009 660 φιλικώτερόν
1031 595 1065 636 τε
1088 570 1143 636 καὶ
1166 575 1213 637 οί-

159 692 191 740 ιε
209 681 375 763 κειότερον
405 678 559 762 ἀλλήλοις
588 676 683 755 ἕξετε.
728 681 759 743 εί
786 675 847 762 μὲν
877 682 992 744 τοίνυν
1019 679 1155 762 αἰσχρόν
1181 701 1213 741 τι

210 785 347 866 ἔμελλον
370 783 584 868 ἐργάσεσθαι,
611 784 760 849 θάνατον
782 782 851 849 ἀντ’
875 784 977 850 αὐτοῦ
999 781 1214 870 προαιρετέον

209 883 265 971 ήν·
296 899 360 954 νῦν
387 886 417 954 δ’
445 889 465 954 ἀ
492 885 552 973 μὲν
581 890 674 954 δοκεῖ
698 889 853 954 κάλλιστα
880 887 934 954 καὶ
961 887 1213 976 πρεπωδέστατα

209 992 341 1076 γυναικὶ
364 989 449 1059 εἶναι
472 993 671 1076 ἐπίστανται,
694 994 738 1071 ὡς
761 997 855 1060 ἔοικε.
893 995 1011 1070 πάντες
1033 992 1079 1077 δ’,
1102 993 1122 1059 δ
1146 993 1213 1058 ἐπί-

210 1114 355 1182 στανται,
378 1099 481 1186 ῥᾷστά
498 1122 533 1164 τε
551 1097 606 1164 καλ
623 1100 757 1184 τάχιστα
775 1097 830 1164 καὶ
849 1100 1006 1164 κάλλιστα
1023 1097 1078 1164 καὶ
1096 1100 1212 1182 ήδιστα

211 1201 407 1288 ἐργάζονται.
452 1204 496 1287 μή
527 1198 589 1268 οὖν
619 1204 733 1287 όκνεί,
763 1206 842 1288 ἔφη,
873 1202 977 1269 “ταῦτ’
1008 1206 1213 1288 εἰσηγεῖσθαι

210 1308 334 1390 αὐταῖς,
356 1307 376 1372 δ
400 1311 456 1372 σοί
471 1331 505 1372 τε
529 1311 733 1391 λυσιτελήσει
756 1308 936 1385 κάκείναις·
960 1313 1026 1392 καί,
1049 1309 1093 1386 ὡς
1116 1311 1213 1392 εἰκός,

158 1430 191 1478 13
209 1410 313 1495 ήδέως
338 1412 603 1478 ύπακούσονται.’
649 1410 760 1477 (Ἀλλά
788 1414 829 1496 νή
857 1414 1082 1497 τούς”θεούς’,
1108 1416 1169 1498 ἔφη
1194 1414 1215 1480 δ’

207 1516 431 1604 Ἀρίσταρχος,
461 1517 559 1582 (ούτω
587 1541 642 1601 μοι
669 1523 775 1594 καλῶς
803 1520 909 1596 δοκεῖς
935 1517 1060 1602 λέγειν,
1089 1514 1114 1582 ὦ
1138 1521 1213 1584 Σύ·
1346 1579 1347 1620 ³

210 1647 334 1708 κρατες,
357 1624 440 1688 ὥστε
460 1615 610 1702 πρόσθεν
633 1619 693 1705 μὲν
716 1623 757 1688 ού
779 1622 961 1707 προσιέμην
984 1625 1212 1708 δανείσασθαι,

210 1729 321 1810 εἰδώς,
348 1728 397 1792 ὅτι
425 1727 596 1804 ἀναλώσας
622 1727 640 1791 δ
668 1726 711 1792 δν
736 1727 826 1812 λάβω
850 1729 910 1812 οὐχ
934 1727 995 1806 ἐξω
1018 1728 1213 1812 ἀποδοῦναι,

210 1844 273 1900 νῦν
301 1831 340 1897 δέ
363 1856 420 1916 μοι
448 1834 535 1898 δοκῶ
557 1833 603 1908 είς
625 1834 732 1917 ἔργων
754 1831 908 1917 ἀφορμήν
931 1833 1109 1916 ὑπομενεῖν
1132 1834 1212 1899 αὐτὸ

210 1938 364 2022 ποιήσατ’

175 2064 191 2110 1
276 2043 319 2108 II.
346 2041 412 2108 Καὶ
435 2042 471 2108 έκ
492 2045 619 2108 τούτων
642 2043 802 2128 ἐπορίσθη
827 2039 887 2128 μέν
910 2043 1058 2129 ἀφορμή,
1081 2042 1213 2128 ἐωνήθη

211 2148 242 2214 δ’
265 2152 349 2236 ἐρια·
372 2147 427 2214 καὶ
451 2148 662 2234 ἐργαζόμεναι
685 2145 745 2233 μὲν
764 2150 919 2234 ήρίστων,
942 2148 1160 2234 ἐργασάμεναι
1179 2145 1210 2212 δ’

211 2255 402 2338 ἐδείπνουν,
425 2253 534 2340 ίλαραὶ
559 2251 589 2318 δ’
611 2251 685 2320 ἀντὶ
708 2260 917 2337 σκυθρωπῶν
939 2250 1040 2337 ήσαν,
1062 2251 1117 2318 καὶ
1140 2251 1215 2318 ἀντὶ
1348 2269 1349 2298 ³

211 2359 437 2446 ὑφορωμένων
464 2357 601 2436 ἑαυτοὺς
627 2358 731 2442 ήδέως
758 2358 920 2444 ἀλλήλους
947 2357 1076 2442 ἑώρων,
1103 2356 1218 2423 καλαί

210 2463 272 2550 μὲν
295 2467 339 2542 ὡς
360 2467 524 2549 κηδεμόνα
548 2464 702 2550 ἐφίλουν,
725 2465 743 2530 δ
767 2462 798 2530 δ’
820 2465 864 2542 ὡς
887 2464 1073 2550 ὠφελίμους
1095 2463 1214 2547 ήγάπα.

210 2569 302 2647 τέλος
331 2567 361 2634 δ’
392 2571 501 2635 ἐλθὼν
530 2573 612 2656 πρὸς
637 2572 696 2635 τὸν
723 2571 884 2655 Σωκράτη
914 2573 1039 2655 χαίρων
1070 2571 1214 2652 διηγεῖτο

210 2676 311 2742 ταῦτά
339 2698 373 2740 τε
402 2673 457 2741 καὶ
485 2675 535 2740 ὅτι
563 2678 730 2740 αἰτιῶνται
757 2675 858 2740 αὐτὸν
885 2678 1084 2759 μόνοντῶν
1112 2674 1148 2740 ἐν
1176 2683 1214 2759 τῇ

176 2784 299 2869 εοίκίρι
322 2781 425 2866 ἀργὸν
448 2779 583 2847 ἐσθίειν.
628 2779 683 2845 καὶ
706 2781 724 2846 δ
747 2781 927 2865 Σωκράτης
948 2782 1023 2864 ἔφη·
1069 2775 1150 2844 ‘Est'
1174 2779 1215 2843 ού

211 2885 315 2970 λέγεις
344 2886 456 2962 αὐταῖς
484 2889 543 2952 τὸν
571 2895 631 2951 τοῦ
660 2888 760 2962 κυνὸς
789 2888 905 2968 λόγον;
942 2882 1024 2968 φασὶ
1053 2883 1133 2967 γάρ,
1162 2883 1216 2948 ὅτε

209 2995 383 3078 φωνήεντα
405 2987 447 3075 ήν
468 2992 508 3056 τδ
532 2995 613 3079 ζῶα,
639 2992 700 3074 τὴν
723 2986 777 3056 οἷν
800 2993 881 3074 πρὸς
903 2991 962 3055 τὸν
986 2991 1147 3072 δεσπότην
1170 2990 1216 3052 εἰ-

210 3109 297 3164 πεῖν’
335 3097 557 3183 “Θαυμαστὸν
580 3108 699 3180 ποιεῖς,
729 3095 765 3172 δς
786 3095 865 3180 ήμῑν
889 3092 950 3180 μέν
972 3107 1044 3172 ταῖς
1065 3092 1120 3160 καὶ
1143 3095 1215 3179 ἐριά

211 3220 265 3268 σοι
286 3201 341 3267 καὶ
364 3203 466 3284 άρνας
487 3200 541 3266 καὶ
564 3203 665 3287 τυρὸν
687 3202 905 3286 παρεχούσαις
928 3196 1028 3266 οὐδὲν
1051 3201 1168 3282 δίδως,
1197 3199 1216 3264 δ

210 3332 242 3373 τι
264 3307 306 3373 ἀν
328 3307 372 3391 μή
397 3306 433 3371 ἐκ
454 3315 511 3390 τής
533 3315 591 3390 γής
613 3307 780 3390 λάβωμεν,
808 3314 854 3394 τῷ
880 3305 916 3371 δὲ
938 3309 1031 3388 κυνί,
1057 3305 1093 3382 ὃς
1116 3301 1216 3372 οὐδέν

210 3416 362 3479 τοιοῦτόν
385 3429 438 3477 σοι
460 3410 602 3496 παρέχει,
625 3411 806 3495 μεταδίδως
826 3406 929 3496 οὗπερ
949 3409 1047 3487 αὐτὸς
1065 3413 1149 3495 ἐχεις
1167 3413 1216 3475 σί-

176 3517 303 3583 3του.”
340 3520 398 3583 τὸν
421 3519 505 3582 κύνα
527 3512 589 3582 οὖν
611 3513 785 3581 ἀκούσαντ’
808 3517 925 3581 εἰπεῖν·
964 3513 1057 3581 “Nat
1079 3517 1125 3600 μδ
1143 3513 1215 3579 Δί’·
