2722 4028
525 190 596 241 τοι.
615 189 776 242 ΠΛΑΤΩΝ.
1108 191 1148 253 61

145 352 233 429 ίσχει
259 343 313 409 καὶ
337 346 480 425 δίκαιον;
517 343 596 412 οὐδὲ
618 349 681 433 γάρ
706 352 836 436 Θρᾷκας
858 348 1073 434 ἐπαινοῦμεν,
1101 351 1151 415 ὅτι

146 454 314 528 στίζουσιν
337 452 413 536 ἀγρι
434 462 498 518 νῦν
520 463 741 537 τιμωροῦντες
762 465 806 541 τῷ
826 452 942 539 Ὀρφεῖ
961 455 1018 531 τὰς
1041 455 1151 521 αὑτῶν

146 567 319 638 γυναῖκας·
349 553 428 622 οὐδὲ
450 561 527 634 τοὺς
549 556 623 641 περὶ
645 557 822 644 Ἠριδανὸν
844 561 1032 646 βαρβάρους
1054 565 1151 644 μελα-

147 671 376 745 νοφοροῦντας
405 661 458 726 ἐπὶ
487 663 604 728 πένθει
634 675 693 730 τοῦ
724 663 931 749 Φαέθοντος,
961 667 1069 750 ὥσπερ
1099 664 1151 731 λέ-

148 784 277 848 γουσιν.
314 770 360 831 ἔτι
379 763 410 832 δ’
428 769 482 850 ἀν,
505 765 606 852 οἶμαι,
629 772 836 853 γελοιότερον
859 766 912 854 ἦν,
935 773 975 854 εί,
997 783 1063 836 τῶν
1081 767 1148 836 τότ’

149 871 355 956 ἀνθρώπων,
385 873 438 938 ὅτε
462 875 627 959 διεφθάρη
652 872 811 958 Φαέθων,
840 877 1151 960 παραμελησάντων,

149 977 186 1041 οί
202 975 297 1042 πέντε
317 989 443 1060 γενεαῖς
460 978 481 1062 ἢ
500 978 579 1044 δέκα
596 990 656 1045 τοῦ
674 981 804 1057 πάθους
821 981 962 1063 ὕστερον
980 985 1151 1064 γεγονότες

149 1081 289 1165 ἤρξαντο
308 1085 368 1167 τὴν
387 1083 510 1167 ἐσθῆτα
529 1086 742 1168 μεταβάλλειν
761 1079 809 1149 ἐπ’
827 1085 914 1173 αὐτῷ
933 1084 987 1150 καὶ
1005 1093 1149 1151 πενθεῖν.

149 1191 255 1253 καίτοι
277 1199 374 1254 τοῦτο
397 1187 589 1271 ἀβελτερίαν
611 1186 672 1274 μὲν
691 1193 756 1275 ἔχει
774 1193 890 1274 μόνον,
913 1186 1013 1256 οὐδὲν
1031 1186 1067 1255 δὲ
1086 1192 1151 1255 δει-

151 1293 211 1358 νὸν
234 1291 305 1358 οὐδ’
328 1293 521 1376 ἀνήκεστον·
545 1294 582 1358 αί
602 1291 639 1358 δὲ
661 1306 727 1360 τῶν
749 1301 840 1359 θεῶν
863 1293 959 1378 ὀργαὶ
979 1299 1045 1360 τίνι
1063 1299 1150 1384 λόγῳ

150 1408 345 1484 παραχρῆμα
363 1400 533 1481 δυόμεναι,
550 1399 699 1482 καθάπερ
718 1401 802 1464 ένιοι
817 1409 883 1463 τῶν
896 1410 1063 1482 ποταμῶν,
1081 1395 1151 1464 εἶτα

149 1505 289 1588 ὕστερον
316 1501 364 1568 ἐπ’
390 1505 512 1578 ἀλλους
538 1502 780 1588 ἀναφερόμεναι
808 1506 890 1587 πρὸς
911 1503 1048 1588 ἐσχάτας
1070 1520 1151 1587 συμ-

150 1610 255 1694 φοράς
277 1607 552 1686 ἀποτελευτῶσιν;

185 1818 273 1884 XIX.
300 1818 425 1883 Fabula
447 1819 486 1882 de
508 1817 626 1882 iudicio
649 1823 725 1902 post
747 1824 885 1884 mortem
907 1820 1115 1885 instituendo.

266 1938 386 2009 (Platon.
405 1938 487 2006 Gorg.
506 1957 533 2007 p.
549 1939 718 1995 dead-526
726 1939 759 1996 D.
783 1939 818 1994 cf.
833 1940 899 1994 fasc.
915 1939 940 1992 11
957 1957 984 2009 p.
999 1943 1035 2009 3.)

221 2060 369 2130 (Exposuit
393 2061 520 2115 Socrate·
548 2061 688 2115 neminem
716 2061 870 2130 eapientem
898 2062 998 2116 timere
1023 2064 1150 2130 mortem,

151 2133 201 2186 sed
218 2131 325 2185 iniusta
342 2131 476 2198 facinore,
494 2131 598 2200 quippe
618 2147 690 2200 quae
709 2131 794 2186 etiam
813 2134 877 2200 post
895 2134 1012 2186 mortem
1030 2149 1149 2200 poenam

151 2201 369 2271 noneffi1giant.
388 2233 422 2242 -
440 2203 485 2254 Ad
503 2208 518 2267 ξ
541 2210 586 2256 15:
614 2201 781 2269 Archelaus,
804 2201 877 2254 filius
896 2202 1057 2270 Perdiccae,
1075 2203 1150 2271 regis

151 2273 343 2340 Macedonum,
362 2289 377 2327 e
393 2289 472 2326 serva
484 2274 576 2339 natus,
593 2274 789 2340 postmortem
804 2271 892 2340 petris
906 2271 1034 2340 legitimo
1049 2273 1150 2326 herede

152 2343 320 2412 interempto
340 2358 432 2396 rerum
449 2345 556 2412 potitus
571 2345 621 2398 est.
651 2342 699 2396 sed
713 2359 830 2411 regnum
843 2345 962 2396 nanctus
977 2343 1067 2395 virum
1081 2346 1151 2397 stre-

152 2431 237 2467 nuum
256 2429 285 2466 se
303 2412 459 2481 praestitid3
479 2413 513 2467 cf.
533 2411 618 2468 Thuc.
635 2411 660 2464 11
677 2416 746 2479 100.)

209 2555 327 2621 ’Ἀκουε
356 2556 397 2639 δὴ
425 2555 510 2639 μάλα
536 2560 639 2621 καλοῦ
666 2559 785 2639 λόγου,
812 2554 851 2620 δν
879 2557 921 2619 σὺ
948 2551 1009 2639 μέν
1035 2556 1185 2638 ἡγήσειΙ

153 2669 278 2745 μῦθον,
306 2660 350 2735 ὡς
372 2659 435 2742 ἐγὼ
458 2656 565 2743 οἶμαι,
592 2660 655 2743 ἐγὼ
679 2657 715 2724 δὲ
739 2663 854 2743 λόγον·
891 2659 935 2736 ὡς
957 2659 1065 2742 ἀληθῆ
1089 2662 1150 2744 γὰρ

154 2769 231 2832 ὄντα
261 2783 314 2830 σοι
343 2763 422 2842 λέξω
450 2764 471 2829 ἀ
497 2764 603 2848 μέλλω
633 2764 748 2848 λέγειν.
794 2765 901 2849 ὥσπερ
929 2765 991 2846 γάρ
1009 2763 1152 2849 Ὅμηρος

154 2872 251 2955 λέγει,
274 2872 477 2954 διενείμαντο
500 2872 560 2952 τὴν
583 2869 688 2955 ἀρχὴν
711 2871 729 2936 ὁ
754 2873 837 2945 Ζεὺς
858 2867 913 2933 καλ
936 2869 953 2934 ὁ
977 2872 1151 2935 Ποσειδῶν

153 2976 205 3041 καὶ
233 2977 250 3042 ὁ
274 2976 451 3058 Πλούτων,
478 2974 588 3058 ἐπειδὴ
616 2977 703 3059 παρὰ
732 2986 791 3041 τοῦ
813 2977 935 3058 πατρὸς
956 2973 1151 3059 παρέλαβον.

153 3077 193 3164 ἦν
221 3077 283 3147 οὖν
309 3084 410 3164 νόμος
437 3081 493 3146 όδε
520 3079 594 3165 περὶ
622 3080 809 3164 ἀνθρώπων
838 3078 890 3143 έπὶ
916 3082 1068 3163 Κρόνου,
1097 3079 1185 3145 καλε

154 3185 202 3252 ἀεὶ
229 3185 284 3251 καὶ
311 3196 374 3250 νῦν
402 3187 450 3250 ἔτι
476 3188 565 3250 ἔστιν
593 3185 629 3250 έν
656 3193 765 3269 θεοῖς,
794 3196 860 3250 τῶν
883 3183 1070 3270 ἀνθρώπων
1093 3188 1151 3250 τὸν

153 3289 211 3375 μέν
240 3294 374 3367 δικαίως
399 3293 458 3356 τὸν
485 3295 561 3375 βίον
589 3293 766 3356 διελθόντα
793 3288 848 3354 καὶ
876 3290 989 3372 ὁσίως,
1019 3289 1151 3354 ἐπειδὰν

152 3400 338 3482 τελευτήσῃ,
356 3399 402 3472 είς
420 3397 576 3480 μακάρων
592 3398 714 3479 νήσους
733 3395 870 3460 ἀπιόντα
889 3397 991 3459 οίκείν
1011 3394 1046 3459 ἐν
1064 3395 1151 3480 πάση

152 3501 345 3588 εὐδαιμονίᾳ
368 3499 458 3577 ἐκτὸς
479 3513 600 3586 κακῶν,
622 3504 680 3567 τὸν
703 3498 739 3566 δὲ
762 3500 882 3576 ἀδίκως
904 3498 958 3564 καὶ
981 3497 1088 3576 ἀθέως
1106 3503 1152 3577 είς
