2722 4028
532 218 589 270 αν.
609 217 769 270 ΠΛΑΤΩΝ.
1108 215 1149 280 51

149 373 243 457 μοῦς’,
270 375 331 458 ἐφη
356 375 374 440 6
397 376 566 440 Γλαύκων.
612 372 681 451 *Ὡς
702 379 817 440 τοίνυν
840 377 884 459 μὴ
908 375 1152 459 ἀκουσομένων,

150 479 237 544 οὕτω
261 479 471 546 διανοεῖσθε.’
508 478 572 544 Καὶ
596 481 614 546 6
633 478 853 564 Ἀδείμαντος,
876 474 971 564 εἈρά
994 480 1054 563 γε’,
1076 476 1097 563 ἦ
1117 479 1148 546 δ’
1170 497 1187 543 4

150 584 199 667 ός,
222 581 305 649 *οὐδ’
329 591 396 648 ίστε
419 584 469 649 ότι
492 586 619 668 λαμπὰς
641 588 731 650 ἔσται
754 587 836 671 πρὸς
858 583 997 670 ἑσπέραν
1020 583 1077 670 ἀφ’
1099 587 1150 650 ἴπ-

150 710 224 753 πων
251 698 290 773 τῇ
317 688 414 777 θεῷ;’
452 686 537 774 ’Ἀφ’
564 691 701 770 ἵππων;’
737 687 779 774 ἦν
807 687 837 756 δ’
860 690 936 774 ἐγώ·
965 692 1092 757 ’καινόν
1114 715 1151 774 γε

150 805 258 860 τοῦτο.
298 796 464 878 λαμπάδια
487 798 615 881 ἔχοντες
638 797 860 861 διαδώσουσιν
883 795 1036 880 ἀλλήλοις
1058 795 1151 880 ἁμιλ-

151 901 293 983 λώμενοι
315 911 384 978 τοῖς
405 902 530 980 ἰ’πποιςς
559 900 671 984 ηπῶς
693 900 825 984 λέγεις;’
871 901 1019 985 Ὀὕτωςζ
1046 905 1108 987 ἔφη
1133 903 1150 968 ὁ

152 1004 377 1091 Πολέμαρχος·
412 1003 478 1070 (καὶ
499 1009 581 1091 πρός
603 1029 639 1089 χε
662 1008 848 1091 παννυχίδα
870 1010 1082 1090 ποιήσουσιν,
1108 1007 1151 1090 ἣν

152 1110 245 1188 άξιον
259 1112 455 1176 θεάσασθαι.
484 1111 769 1195 ἐξαναστησόμεθα
788 1113 850 1196 γάρ
868 1113 948 1195 μετὰ
964 1113 1001 1178 τὸ
1016 1114 1151 1178 δεῖπνον

151 1214 207 1281 καὶ
229 1218 290 1300 τὴν
311 1218 496 1302 παννυχίδα
517 1220 708 1300 θεασόμεθα
726 1216 780 1281 καὶ
798 1217 1003 1300 ξυνεσόμεθά
1020 1241 1054 1282 τε
1072 1223 1151 1283 πολ-

152 1327 223 1399 λοίς
236 1333 303 1387 τῶν
318 1324 403 1386 νέων
417 1322 536 1387 αὐτόθι
550 1319 605 1386 καὶ
620 1321 847 1406 διαλεξόμεθα.
876 1322 958 1387 ἀλλά
971 1321 1083 1406 μένετε
1096 1321 1151 1388 καὶ

152 1429 197 1511 μη
212 1428 318 1504 άλλως
331 1427 472 1493 ποιεῖτε.’
496 1425 562 1492 Καὶ
576 1428 593 1494 6
605 1429 765 1493 Γλαύκων
782 1427 944 1511 *Ἕοικενζ
959 1431 1032 1512 ἔφη,
1047 1427 1151 1510 ’μενε-

152 1531 227 1598 τέου
241 1529 346 1598 εἶναι]
368 1528 468 1597 “Ἀλλ’
482 1535 513 1597 εί
526 1534 639 1616 δοκεῖ’,
652 1528 694 1616 ἦν
709 1530 739 1598 δ’
753 1533 828 1617 ἐγώ,
838 1533 936 1598 ὀὕτω
949 1533 1010 1617 χρὴ
1022 1533 1150 1598 ποιεῖν’

213 1630 332 1721 Ἧιμεν
359 1633 420 1702 οὐν
449 1640 559 1724 οίκαδε
587 1641 633 1714 είς
660 1648 719 1704 τοῦ
748 1639 975 1723 Πολεμάρχου,
1005 1636 1059 1702 καὶ
1081 1642 1184 1702 Λυ-5

153 1745 230 1807 σίαν
253 1765 286 1807 τε
310 1743 428 1808 αὐτόθι
448 1743 668 1826 κατελάβομεν
686 1743 741 1809 καὶ
759 1745 976 1828 Ιύὐθύδημον,
998 1747 1075 1821 τοὺς
1092 1753 1151 1809 τοῦ

153 1847 372 1932 Πολεμάρχου
403 1845 582 1931 άδελφούς,
614 1846 668 1913 καὶ
697 1850 737 1931 δη
765 1848 819 1913 καί
847 1850 1066 1934 Θρασύμαχον
1093 1851 1151 1914 τὸν

154 1954 382 2036 Χαλκηδόνιον
404 1951 458 2017 καί
478 1955 709 2037 Χαρμαντίδην
727 1955 785 2018 τὸν
804 1951 965 2016 Παιανιέα
983 1951 1037 2017 καὶ
1055 1957 1152 2018 Κλει-

153 2069 304 2140 τοφῶντα
327 2060 385 2122 τὸν
404 2055 661 2143 Ἀριστωνύμου·
689 2054 732 2141 ἦν
756 2054 785 2122 δ’
808 2060 906 2123 ἐνδον
929 2056 984 2122 καὶ
1006 2059 1024 2124 6
1046 2059 1151 2142 πατὴρ

154 2163 173 2228 6
195 2172 255 2228 τοῦ
273 2163 490 2248 Πολεμάρχου
508 2161 668 2246 Κέφαλος.
705 2161 759 2227 καὶ
783 2162 869 2246 μάλα
890 2164 1075 2247 πρεσβύτης
1096 2188 1152 2247 μοι

154 2267 268 2346 ἔδοξεν
290 2264 387 2332 εἶναι·
412 2269 466 2332 διά
489 2271 611 2353 χρόνον
630 2269 693 2352 γάρ
711 2265 765 2332 καὶ
785 2265 910 2352 ἑωράκη
930 2268 1038 2336 αὐτόν.
1070 2274 1152 2332 καθ-

154 2383 234 2456 ῆστο
266 2369 302 2438 δὲ
335 2372 600 2457 ἐστεφανωμένος
631 2373 686 2438 ἐπί
712 2397 802 2449 τινος
827 2375 1092 2457 προσκεφαλαίου
1118 2396 1152 2437 τε

154 2476 210 2543 καὶ
228 2479 363 2562 δίφρου·
381 2478 528 2553 τεθυκὼς
546 2477 608 2561 γάρ
627 2475 804 2560 ἐτύγχανεν
822 2475 858 2541 ἐν
876 2485 914 2560 τῇ
933 2475 1025 2562 αὐλῇ.
1054 2476 1151 2542 ἐκαθ-
1171 2497 1188 2544 ο

154 2586 295 2667 εζόμεθα
327 2577 389 2647 οὖν
419 2578 494 2666 παρ’
526 2581 641 2646 αὐτόν·
683 2583 808 2646 ἔκειντο
836 2582 898 2665 γὰρ
926 2583 1040 2665 δίφροι
1066 2579 1153 2659 τινὲς

155 2690 274 2754 αὐτόθι
297 2689 415 2775 κύκλῳ.
460 2687 563 2763 εὐθύς
585 2681 647 2752 οὐν
670 2708 708 2770 με
733 2687 813 2751 ίδδιν
837 2688 855 2752 6
878 2686 1029 2771 Κέφαλος
1051 2688 1152 2770 ἠσπά-

156 2796 225 2872 ζετό
247 2817 281 2858 τε
303 2791 358 2858 καὶ
380 2787 485 2857 εἶπεν·
519 2785 570 2854 Ὢ
594 2792 781 2875 Σώκρατες,
804 2789 882 2857 οὐδὲ
905 2795 1052 2876 θαμίζεις
1073 2793 1153 2876 ἡμῖν

155 2902 362 2984 καταβαίνων
385 2899 432 2974 είς
453 2899 512 2962 τὸν
531 2901 685 2982 Πειραιᾶ·
709 2906 792 2981 χρῆν
812 2895 932 2981 μέντοι.
964 2899 995 2962 εί
1011 2895 1071 2982 μὲν
1089 2899 1152 2982 γάρ

157 3005 220 3087 ἐγὼ
247 3007 294 3069 ἐτι
321 3002 357 3068 ἐν
385 3003 523 3087 δυνάμει
549 2993 592 3085 δην
619 3012 679 3066 τοῦ
704 3001 826 3088 ῥᾳδίως
848 3003 1049 3086 πορεύεσθαι
1071 3005 1153 3088 πρὸς

156 3114 192 3178 τὸ
215 3113 309 3193 άστυ,
332 3105 430 3174 οὐδὲν
453 3111 494 3174 όίν
518 3125 554 3172 σε
577 3109 644 3172 ἔδει
668 3109 766 3191 δεῦρο
791 3105 886 3191 ίέναι,
909 3103 982 3173 ἀλλ’
1001 3108 1093 3192 ἡμεῖς
1111 3107 1152 3172 ἂν

155 3217 243 3300 παρὰ
266 3211 302 3280 σὲ
324 3208 419 3298 ᾖμεν·
443 3223 506 3280 νῦν
525 3209 562 3278 δὲ
581 3209 617 3277 σὲ
635 3215 696 3298 χρὴ
715 3216 918 3298 πυκνότερον
937 3216 1035 3299 δεῦρο
1055 3211 1151 3278 ίέναι·

156 3323 200 3398 ὡς
222 3315 259 3386 εὖ
283 3325 354 3385 ἴσθι
378 3319 427 3384 ότι
450 3321 575 3403 ἔμοιγε,
598 3319 679 3382 όσον
701 3319 739 3382 αί
758 3319 838 3383 κατά
861 3321 898 3384 τὸ
921 3329 1013 3403 σῶμα
1035 3317 1152 3402 ἡδοναὶ

156 3425 450 3511 ἀπομαραίνονται,
479 3433 638 3489 τοσοῦτον
665 3422 820 3502 αὔξονται
847 3423 977 3506 αἱπερὶ
1000 3427 1077 3500 τούς
1099 3427 1153 3489 λό-

156 3555 235 3616 γους
262 3531 437 3614 ἐπιθυμίαι·
460 3552 494 3594 τε
521 3527 575 3594 καὶ
602 3528 729 3612 ἡδοναί.
775 3531 818 3613 μὴ
843 3525 904 3594 οὐν
927 3531 1033 3605 άλλως
1054 3531 1153 3612 ποίει,

957 3631 993 3686 4*
