2722 4028
170 186 214 250 28
510 191 556 244 IX.
576 191 833 244 ΠΛΟΤΤΑΡΧΟΣ.

259 353 350 412 θεῶν
373 350 468 433 ἔργα,
491 349 633 433 μεγάλης
655 346 685 413 δ’
709 350 770 415 οὐκ
793 349 856 433 ε’ρῶ
879 349 1088 434 τυραννίδος·

259 450 451 538 ἀπόπροθεν
473 453 535 538 γάρ
560 453 648 519 ἐστιν
671 454 856 539 ὀφθαλμῶν
879 453 986 538 ἐμῶν’

172 556 294 632 Θάσιος
315 559 378 642 γάρ
403 557 526 636 ἐκεῖνος
547 554 604 643 ην;
640 561 739 636 ἀλλος
762 558 802 624 δέ
820 583 869 636 τις
892 563 989 641 Χίος,
1017 559 1115 634 ἀλλος
1137 553 1178 622 δὲ

171 662 319 745 Γαλάτης
334 663 355 748 ἢ
369 667 527 748 Βιθυνός,
547 667 608 730 ούκ
627 665 772 748 ἀγαπῶν,
791 671 826 730 εί
838 689 928 741 τινος
945 666 1077 749 μερίδος
1094 657 1114 746 η
1153 661 1179 746 ύ-

172 765 273 843 δόξαν
291 766 311 850 ἣ
331 768 474 851 δύναμιν
492 767 528 832 ἐν
546 778 615 843 τοῖς
633 764 752 831 ἑαυτοῦ
770 769 918 842 πολίταις
933 771 1073 850 εἴληχεν,
1091 765 1173 830 ἀλλά

172 875 307 954 κλαίων,
330 871 380 936 ὅτι
398 873 441 956 μη
461 877 559 956 φορεῖ
573 875 776 958 πατρικίους·
800 870 857 936 ἐὰν
876 867 913 935 δὲ
930 869 985 935 καί
1002 880 1101 955 φορῇ,
1124 870 1174 935 ότι

172 975 306 1060 μηδέπω
330 989 504 1062 στρατηγεῖ
514 975 695 1061 Ῥωμαίων·
720 976 777 1042 έάν
801 973 838 1041 δὲ
855 974 910 1042 καὶ
929 985 1101 1061 στρατηγῇ,
1124 976 1175 1040 ὅτι

172 1082 217 1164 μὴ
235 1080 402 1146 ὑπατεύει·
425 1081 479 1146 καί
497 1083 683 1164 ὑπατεύων,
702 1082 753 1148 δτι
770 1083 815 1165 μη
833 1093 971 1166 πρῶτος,
994 1079 1064 1147 ἀλλ’
1082 1082 1176 1146 ύστε-

136 1198 153 1244 3
174 1209 231 1271 ρος
253 1185 474 1272 ἀνηγορεύθη.
519 1199 615 1254 τοῦτο
638 1191 673 1252 τί
694 1185 733 1251 δέ
754 1186 835 1265 έστι;
861 1189 896 1250 τί
915 1189 995 1252 ἀλλο
1018 1185 1038 1268 ἢ
1062 1186 1179 1251 συλλέ-

173 1314 274 1374 γοντα
297 1292 477 1376 προφάσεις
499 1292 688 1378 ἀχαριστίας
710 1291 763 1356 έπὶ
785 1293 845 1375 τὴν
867 1293 969 1377 τύχην
992 1291 1093 1357 αὐτὸν
1113 1290 1171 1376 ὑφ’

174 1396 277 1461 αὑτοῦ
298 1397 495 1474 κολάζεσθαι
517 1396 571 1462 καὶ
594 1399 725 1462 διδόναι
748 1399 859 1480 δίκην;
896 1395 969 1462 ἀλλ’
992 1397 1010 1462 ό
1033 1419 1070 1480 γε
1092 1407 1181 1462 νοῦν

174 1503 258 1586 ἔχων
282 1505 424 1586 σωτήρια
447 1511 638 1588 φρονοῦντα
660 1511 720 1567 τοῦ
742 1501 839 1584 ἡλίου
861 1503 1023 1587 μυριάδας
1045 1501 1177 1587 ἀνθρά-

173 1627 246 1671 πων
269 1605 423 1691 ἀπείρους
446 1607 645 1692 ἐφορῶντος,

263 1711 465 1796 Ἓύρυεδοῦς
488 1711 560 1776 ὅσοι
582 1713 709 1796 καρπὸν
732 1712 896 1795 αἰνύμεθα
918 1711 1069 1796 χθονός’,

175 1817 236 1882 ούκ
258 1822 292 1880 εί
310 1839 410 1880 τινων
433 1811 531 1899 ἧττον
554 1815 687 1894 ἔνδοξός
710 1815 778 1880 ἐστι
795 1813 850 1880 καί
868 1816 1035 1898 πλούσιος,
1059 1816 1178 1902 ὀδυρό-

175 1945 273 2007 μενος
304 1921 445 2004 κάθηται
474 1918 528 1984 καί
557 1919 829 2004 ταπεινούμενος,
866 1914 939 1984 ἀλλ’
970 1920 1020 1984 ὅτι
1050 1926 1181 2006 μυρίων

176 2026 327 2112 μυριάκις
350 2024 386 2088 ἐν
406 2026 574 2100 τοσούτοις
592 2023 890 2110 εὐσχημονέστερον
910 2028 944 2109 ζῇ
963 2023 1018 2090 καὶ
1036 2025 1180 2110 βέλτιον,

175 2131 291 2214 ὑμνῶν
313 2132 371 2194 τὸν
395 2127 514 2194 ἑαυτοῦ
538 2131 679 2213 δαίμονα
701 2129 756 2194 καὶ
778 2133 836 2196 τὸν
859 2133 934 2214 βίον
958 2130 994 2194 ἐν
1013 2131 1080 2218 ὁδῷ
1098 2136 1178 2217 πρό-

176 2252 270 2300 εισιν.
316 2233 353 2298 ἐν
377 2231 537 2321 Ὀλυμπίηι
564 2231 625 2318 μὲν
653 2235 715 2320 γάρ
744 2235 804 2300 οὐκ
832 2239 899 2300 ἔστι
926 2244 1022 2301 νικᾶν
1050 2235 1178 2320 ἐκλεγό-

176 2364 278 2424 μενον
301 2338 510 2415 ἀντιπάλους·
535 2338 571 2404 έν
594 2335 631 2403 δὲ
653 2347 698 2426 τῷ
722 2343 784 2425 βίῳ
807 2341 847 2404 τά
868 2340 1040 2425 πράγματα
1061 2343 1181 2406 δίδωσι

176 2448 330 2530 περιόντα
359 2448 492 2509 πολλῶν
521 2443 603 2527 μέγα
632 2454 771 2530 φρονεῖν
800 2442 854 2508 καὶ
885 2447 1027 2527 ζηλωτὸν
1054 2451 1181 2530 μᾶλλον

177 2547 263 2615 εἶναι
292 2549 312 2633 ί)
344 2551 462 2632 ζηλοῦν
493 2546 636 2633 ἑτέρους·
673 2551 715 2614 ἀν
742 2571 779 2631 γε
808 2549 848 2632 δη
876 2550 919 2632 μὴ
947 2559 1007 2615 τοῦ
1029 2551 1182 2636 Βριάρεω

178 2651 260 2739 μηδὲ
286 2663 347 2720 τοῦ
364 2652 566 2740 Ἡρακλέους
592 2654 731 2738 ποιήσης
758 2656 897 2719 σεαυτὸν
925 2653 1180 2739 ἀνταγωνιστήν.

143 2779 160 2826 4
179 2760 258 2824 ὅταν
281 2755 343 2824 οὖν
365 2761 452 2824 πάνυ
475 2759 649 2844 θαυμάσης
672 2760 715 2836 ὡς
737 2762 906 2844 κρείττονα
926 2761 983 2826 τὸν
1002 2759 1038 2824 έν
1056 2769 1100 2848 τῷ
1120 2784 1179 2844 φο-

179 2869 255 2952 ρείφ
282 2866 512 2949 κομιζόμενον,
539 2864 709 2942 ὑποκύψας
735 2863 854 2930 θέασαι
881 2863 936 2930 καί
962 2868 1040 2942 τοὺς
1061 2865 1180 2950 βαστά-

180 2973 304 3047 ζοντας·
341 2967 395 3034 καὶ
423 2969 502 3034 ὅταν
526 2971 737 3052 διαβαίνοντα
759 2970 820 3052 την
844 2971 978 3054 σχεδίαν
1001 2973 1183 3056 μακαρίσῃς

178 3077 238 3140 τὸν
261 3073 385 3159 Ξέρξην
409 3074 547 3157 ἐκείνου,
571 3075 614 3150 ὡς
636 3072 931 3158 ὁἙλλησπόντιος,
955 3075 1004 3139 ίδε
1027 3073 1184 3150 καὶτοὺς

179 3180 243 3245 ὑπὸ
262 3179 391 3263 μάστιξι
410 3181 641 3261 διορύττοντας
657 3181 716 3244 τὸν
725 3177 818 3244 ’Ἆθω
832 3179 887 3244 καὶ
901 3181 977 3255 τοὺς
991 3199 1182 3264 περικοπτο-

180 3283 300 3370 μένους
323 3279 389 3348 ὦτα
412 3283 467 3349 καί
490 3285 584 3371 ῥίνας
602 3282 654 3350 ἐπὶ
671 3292 717 3371 τῷ
737 3286 937 3368 διαλυθῆναι
955 3285 1016 3367 την
1034 3280 1183 3370 γέφυραν

179 3389 244 3456 ὑπὸ
271 3399 331 3456 τοῦ
357 3390 542 3472 κλύδωνος,
569 3391 636 3473 ἀμα
661 3386 717 3453 καί
738 3390 799 3472 τὴν
822 3388 957 3455 ἐκείνων
979 3387 1183 3474 ἀποθεωρῶν

180 3494 350 3577 διάνοιαν,
377 3493 427 3558 ὅτι
454 3497 512 3560 τὸν
540 3496 600 3559 σὸν
627 3495 702 3577 βίον
725 3491 780 3558 καὶ
802 3495 841 3558 τά
865 3495 906 3558 σδι
928 3493 1101 3579 πράγματα
1123 3517 1175 3578 μα·
