2722 4028
537 207 572 259 11.
592 200 774 262 ΞΕΝΟΦΩΝ.
1136 203 1155 266 Ἰ

155 363 176 447 ἢ
199 367 234 428 τί
253 362 295 428 άν
319 363 400 428 ίδὼν
422 363 443 446 ἢ
467 362 608 440 άκούσας
629 367 805 450 τερφθείης
822 362 843 447 ἢ
860 366 961 430 τίνων
979 363 1157 449 ὀσφραινό-

156 491 255 552 μενος
276 467 297 551 ἢ
320 467 511 552 ἁπτόμενος,
533 472 599 534 τίσι
617 465 648 533 δ’
666 469 790 553 ὁμιλῶν
809 465 936 553 μάλιστ’
954 467 996 533 δν
1014 467 1156 554 εύφρανψ

156 575 250 656 θείης
276 571 331 638 καί
357 581 425 649 πῶς
451 572 493 637 ἂν
516 575 728 657 μαλακώτατα
750 575 928 650 καθεύδοις
947 571 1002 638 καὶ
1024 583 1092 650 πῶς
1114 573 1156 638 δν

157 676 349 743 ἀπονώτατα
380 677 507 745 τούτων
537 680 670 746 πάντων
698 679 878 765 τυγχάνοις.
930 677 987 743 ἐὰν
1015 672 1055 744 δέ
1078 699 1156 743 ποτε

156 781 292 867 γένηταί
315 807 364 860 τις
389 784 515 863 ὑποψία
538 785 685 862 σπάνεως
707 782 762 869 ἀφ’
791 779 838 850 ὧν
860 787 950 850 ἔσται
972 793 1088 869 ταῦτα,
1115 783 1156 848 οὐ

156 891 261 972 φόβος
278 891 322 972 μή
341 887 370 955 σ’
388 889 500 973 ἀγάγω
519 889 571 956 ἐπὶ
589 893 626 956 τὸ
642 900 809 956 πονοῦντα
822 887 876 955 καὶ
889 895 1158 974 ταλαιπωροῦντα

157 1002 201 1080 τῷ
231 995 355 1078 σώματι
380 993 435 1060 καὶ
461 1004 499 1080 τῇ
527 1004 615 1081 ψυχῇ
638 1005 739 1060 ταῦτα
761 998 967 1080 πορίζεσθαι,
994 991 1082 1076 ἀλλ’,
1109 984 1158 1069 οἷς

157 1097 199 1164 δν
226 1099 262 1164 οί
286 1101 380 1165 άλλοι
408 1100 621 1186 ἐργάζωνται,
649 1101 777 1176 τούτοις
800 1103 841 1164 σὺ
864 1103 993 1184 χρήσει,
1020 1098 1158 1174 οὐδενὸς

158 1203 373 1288 ἀπεχόμενος,
395 1203 478 1270 ὅθεν
500 1203 542 1270 διν
565 1205 708 1270 δυνατὸν
730 1197 752 1292 ᾖ
773 1227 806 1270 τι
827 1205 990 1290 κερδᾶναι.
1036 1223 1157 1268 παντα-
1175 1218 1191 1266 6

157 1312 260 1394 χόθεν
291 1309 354 1436 γάρ
387 1309 587 1393 ὠφελεῖσθαι
616 1320 684 1386 τοῖς
713 1307 786 1393 ἐμοὶ
816 1319 976 1375 συνοῦσιν
1006 1307 1157 1386 ἐξουσίαν

158 1413 221 1496 ἐγὼ
255 1411 406 1499 παρέχωῖ
450 1412 506 1478 καὶ
535 1414 554 1480 ό
578 1413 741 1498 Ἡρακλῆς
770 1413 912 1490 ἀκούσας
940 1424 1056 1478 ταῦτα·
1103 1406 1157 1476 Ὦ

157 1518 280 1602 γύναί,
303 1520 381 1602 ἔφη,
409 1517 531 1602 ὄνομα
554 1517 594 1583 δέ
614 1521 722 1585 σοιτί
707 1517 857 1598 ίέστιν;’
884 1517 1061 1602 ἡδέὋ
1033 1519 1078 1582 OC
1097 1517 1157 1602 μνέ

157 1621 230 1707 ἐμοὶ
252 1623 367 1708 φίλοί,
393 1626 471 1708 ἔφη,
494 1623 645 1689 καλοῦσί
631 1631 705 1708 ίμε
727 1624 970 1709 Εὐδαιμονίαν,
993 1620 1084 1690 οίδέ
1106 1649 1158 1707 μι-

158 1727 292 1805 σοῦντές
315 1751 354 1812 με
376 1729 574 1812 ὀνομάζουσι
592 1727 741 1794 Κακίαν.’
776 1727 831 1794 καὶ
849 1729 885 1794 ἐν
903 1731 1007 1817 τούτῳ
1025 1729 1046 1812 η
1066 1727 1158 1814 ετέρα

158 1835 243 1916 γυνὴ
269 1839 501 1917 προσελθοῦσα
529 1829 613 1899 εἷπε·
655 1833 732 1898 Καὶ
759 1834 870 1917 ἐγὼ”
848 1859 917 1918 ηκω
944 1837 1026 1920 πρὸς
1052 1832 1104 1918 σε’,
1131 1829 1157 1898 όι

153 1933 381 2023 Ἠράκλειςε
366 1941 474 2004 είδυια
495 1943 572 2016 τοὺς
594 1939 814 2022 γεννήσαντάς
836 1956 872 2004 σε
895 1941 950 2004 καί
972 1941 1032 2022 τὴν
1054 1941 1158 2023 φύσιν

157 2045 219 2126 τὴν
247 2043 352 2127 σην’
336 2067 372 2108 εν
399 2067 438 2129 τχχ
465 2047 598 2131 παιδείᾳ
619 2051 867 2128 καταμαθοῦσα·
904 2038 981 2121 ἐξ
960 2068 1007 2108 ων
1031 2043 1158 2127 ἐλπίζω,

157 2151 189 2212 εί
210 2150 270 2233 την
292 2151 374 2234 πρὸς
397 2145 452 2232 ἐμὲ
476 2150 556 2215 ὁδόν
579 2150 726 2234 τράποιο,
749 2145 909 2234 σφόδρ’.
889 2173 931 2214 αν
954 2165 990 2213 σε
1013 2159 1079 2213 τῶν
1101 2172 1158 2213 κα-

158 2259 226 2318 λῶν
248 2251 304 2318 καὶ
326 2265 455 2336 σεμνῶν
478 2253 608 2337 ἀγαθὸν
632 2242 770 2339 ἐργάτην
789 2251 945 2337 γενέσθαι
963 2251 1017 2317 καὶ
1036 2251 1091 2337 ἐμέ
1110 2257 1157 2319 ἐτι

157 2361 242 2423 πολὺ
266 2356 475 2444 ἐντιμοτέραν
497 2357 552 2424 καί
575 2354 624 2424 ἐπ’
647 2358 785 2442 ἀγαθοῖς
804 2357 1078 2444 διαπρεπεστέραν
1096 2383 1158 2442 φα-
1191 2411 1194 2417 .

157 2471 263 2546 νῆναι.
309 2463 370 2528 οὐκ
393 2462 580 2546 ἐξαπατήσω
604 2463 644 2528 δέ
664 2481 700 2528 σε
723 2467 907 2547 προοιμίοις
928 2463 1061 2547 ἡδονῆς,
1083 2462 1155 2530 ἀλλ’

158 2561 240 2652 ᾗπερ
269 2567 304 2631 ολ
327 2565 403 2632 θεοὶ
431 2565 586 2632 διέθεσαν
608 2569 648 2632 τὰ
671 2570 750 2633 όντα
773 2570 968 2652 διηγήσομαι
991 2566 1059 2652 μετ’
1081 2567 1158 2652 άλη-

158 2675 262 2746 θείας.
298 2682 364 2736 τῶν
387 2673 449 2756 γάρ
472 2674 578 2738 όντων
601 2671 737 2755 ἀγαθῶν
760 2671 814 2737 καὶ
832 2677 941 2737 καλῶν
960 2669 1059 2738 οὐδέν
1077 2674 1193 2738 άνευσ

158 2779 264 2842 πόνου
282 2775 336 2840 καὶ
356 2776 535 2860 ἐπιμελείας
554 2779 588 2843 οί
602 2777 677 2843 θεοὶ
696 2780 848 2844 διδόασιν
864 2777 1064 2864 ἀνθρώποις,
1082 2777 1154 2843 ἀλλ’

158 2889 222 2946 είτε
249 2884 326 2957 τοὺς
351 2885 452 2958 θεοὺς
479 2885 574 2959 ἵλεως
595 2879 684 2948 είναί
704 2900 757 2948 σοι
780 2885 909 2968 βούλει,
935 2881 1158 2969 θεραπευτέον

158 2990 236 3062 τοὺς
257 2986 375 3069 θεούς,
403 2989 504 3052 είτε*
488 2991 552 3054 υπὸ
575 2992 682 3072 φίλων
705 2987 831 3064 ἐθέλεις
854 2987 1059 3072 ἀγαπᾶσθαι,
1081 2991 1159 3064 τοὺς

159 3095 277 3174 φίλους
299 3091 538 3177 εὐεργετητέον
560 3099 624 3158 είτε
647 3093 712 3159 ὑπό
734 3117 824 3170 τινος
845 3095 969 3169 πόλεως
988 3093 1158 3176 ἐπιθυμεῖς

159 3202 327 3278 τιμᾶσθαι,
350 3199 411 3280 την
433 3201 530 3262 πόλιν
550 3197 747 3283 ὠφελητέον,
769 3199 867 3264 είτε“
851 3200 915 3264 υπὸ
934 3209 990 3281 τῆς
1002 3196 1160 3274 Ελλάδος

158 3300 263 3383 πάσης
284 3300 388 3378 ἀξιοῖς
410 3299 458 3368 ἐπ’
482 3302 578 3389 άρετῇ
596 3305 836 3388 θαυμάζεσθαι,
858 3305 919 3387 τὴν
933 3302 1073 3368 Ἑλλάδα
1091 3325 1159 3369 πει-

159 3427 276 3490 ρατεον
299 3401 337 3471 εὖ
358 3419 479 3492 ποιεῖν,
502 3415 566 3474 είτε
588 3417 651 3492 γῦχν
674 3410 787 3492 βούλει
810 3425 863 3475 σοι
885 3412 1030 3493 καρποὺς
1052 3408 1159 3492 άφθό-

158 3535 238 3587 νους
265 3509 393 3598 φέρειν,
421 3515 481 3597 την
508 3522 571 3598 γῆν
597 3512 835 3598 θεραπευτέον,
863 3519 926 3578 είτε
954 3511 1017 3578 ἀπὸ
1040 3518 1159 3598 βοσκη-
