2722 4028
223 231 267 295 22
556 237 615 289 VH.
634 235 891 288 ΠΔΟΊΤΔΡΧΟΣ.

222 395 281 458 τὸν
302 393 477 478 τράχηλον,
498 390 557 478 ὐφ’
580 389 627 460 ὧν
650 393 829 472 σκοτωθεὶς
850 391 904 459 καὶ
927 393 1038 458 πεσών
1059 390 1151 470 ἔδοξε
1174 414 1225 456 τε-

222 498 359 563 θνάναι·
382 501 437 564 καί
454 505 613 584 περιῆλθε
630 503 721 585 φήμη
739 503 934 584 πανταχόσε,
956 496 1011 563 καὶ
1028 501 1120 582 φίλοι
1138 493 1225 573 τινὲς

222 602 381 687 ἀφίκοντο
403 602 457 669 καὶ
474 605 674 690 θεράποντες
692 608 739 682 είς
757 604 935 689 Πέργαμον
953 605 1147 687 αὐτάγγελοι
1163 612 1225 668 τοῦ

221 709 351 786 πάθους
372 710 464 792 ἥκειν
487 711 671 788 δοκοῦντες.
699 709 855 787 ’Ἀτταλος
878 704 940 775 οὐν
963 710 981 776 ὁ
1003 709 1225 793 πρεσβύτατος
1280 767 1286 774 .

223 814 327 880 αὐτοῦ
348 825 415 880 τῶν
437 813 605 900 ἀδελφῶν,
633 815 717 900 ἀνὴρ
741 815 883 899 ἐπιεικὴς
904 812 959 879 καὶ
981 813 1056 899 περὶ
1078 816 1136 879 τὸν
1158 812 1225 876 Εὐ-

222 917 304 1003 μένη
326 919 459 986 πάντων
481 922 624 1007 ἀριστος,
647 921 688 986 οὐ
710 924 814 1005 μόνον
837 923 990 1004 βασιλεὺς
1012 917 1223 1003 ἀνηγορεύθη

223 1025 481 1110 διαδησάμενος,
517 1025 599 1091 ἀλλά
635 1028 690 1091 καί
721 1027 783 1110 την
814 1037 955 1109 γυναῖκα
986 1035 1046 1090 τού
1077 1023 1224 1108 ἀδελφοῦ

173 1145 202 1191 11
223 1133 450 1217 Στρατονίκην
468 1132 597 1214 ἔγημεν.
632 1128 701 1194 ἐπεὶ
720 1127 750 1194 δ’
769 1127 935 1214 ἀπηγγέλη
955 1133 1018 1208 ζῶν
1037 1129 1054 1195 ὁ
1074 1126 1225 1212 Εὐμένης

223 1234 277 1299 καὶ
294 1232 444 1320 προσῄει,
462 1234 536 1312 θεὶς
553 1239 591 1302 τὸ
610 1236 754 1318 διάδημα
767 1233 823 1300 καὶ
836 1236 959 1319 λαβών,
978 1236 1086 1319 ὥσπερ
1100 1235 1225 1315 εἰώθει,

223 1341 263 1404 τά
292 1341 427 1426 δοράτια
456 1341 536 1424 μετά
564 1351 631 1405 τῶν
660 1341 769 1405 άλλων
797 1339 982 1424 ἀπήντησεν
1009 1339 1097 1427 αὐτῷ
1127 1341 1225 1425 δορυ-

223 1448 347 1530 φόρων.
392 1446 410 1511 ὁ
440 1441 477 1510 δὲ
505 1444 659 1510 ιιάιιείνον
685 1445 830 1530 εὐμενῶς
859 1443 1051 1522 ἐδεξιώσατο
1081 1441 1135 1509 καὶ
1163 1445 1225 1527 τὴν

223 1555 418 1634 βασίλισσαν
448 1551 615 1633 ἠσπάσατο
647 1551 726 1634 μετὰ
757 1559 850 1634 τιμῆς
878 1549 934 1615 καὶ
960 1551 1225 1635 φιλοφροσύνης·

223 1654 277 1720 καὶ
308 1659 429 1742 χρόνον
457 1655 517 1721 οὐκ
545 1655 658 1738 ὀλίγον
686 1655 862 1740 ἐπιβιώσας
890 1654 1062 1740 ἀμέμπτως
1086 1652 1141 1720 καὶ
1168 1653 1225 1719 ἀν-

222 1763 375 1838 υπόπτως
393 1759 549 1844 ἀπέθανε,
567 1768 612 1847 τῷ
624 1757 765 1850 Ἀττάλῳ
783 1763 844 1844 την
861 1784 895 1826 τε
909 1764 1083 1845 βασιλείαν
1096 1758 1150 1824 καὶ
1164 1761 1225 1843 τὴν

223 1877 363 1948 γυναῖκα
391 1869 626 1950 παρεγγυήσας.
672 1871 707 1931 τί
733 1862 795 1932 οὐν
825 1866 965 1945 ἐκεῖνοςς
997 1865 1225 1942 ἀποθανόντος

224 1971 342 2054 αὐτοῦ,
373 1973 507 2037 παιδίον
538 1968 617 2037 οὐδὲ
648 1971 685 2037 ἓν
714 1971 749 2036 ἐιι
779 1981 835 2055 τῆς
863 1973 1019 2054 γυναικὸς
1048 1969 1225 2037 ἀνελέσθαι

223 2074 364 2160 ἠθέλησε
392 2079 548 2160 τεκούσης
573 2078 741 2154 πολλάκις·
774 2077 857 2142 ἀλλὰ
883 2079 942 2142 τὸν
969 2076 1097 2144 ἐκείνου
1123 2078 1225 2142 παῖδα

224 2180 352 2262 θρέψας
372 2179 427 2246 καὶ
450 2181 621 2267 ἀνδρώσας
643 2185 690 2246 ἐτι
714 2186 777 2261 ζῶν
796 2181 935 2266 ἐπέθηκε
953 2185 990 2248 τὸ
1009 2183 1152 2267 διάδημα
1169 2179 1224 2247 καὶ

173 2302 205 2350 12
224 2286 359 2372 βασιλέα
381 2290 655 2373 προσηγόρευσεν.
688 2285 786 2353 Ἀλλά
806 2289 986 2372 Καμβύσης
1008 2286 1041 2365 ἐξ
1066 2287 1224 2352 ἐνυπνίου

225 2391 385 2476 φοβηθεὶς
416 2393 461 2469 ώς
489 2394 726 2477 βασιλεύσοντα
758 2403 815 2476 τῆς
838 2390 947 2470 Ἀσίας
978 2395 1036 2458 τὸν
1051 2419 1052 2424 ’
1068 2391 1224 2477 ἀδελφόν,

224 2497 383 2581 οὐδεμίαν
401 2496 570 2575 ἀπόδειξιν
589 2495 663 2563 οὐδ’
680 2500 814 2584 ἔλεγχον
833 2497 1011 2583 ἀναμείνας
1028 2497 1224 2563 ἀπέκτεινεν.

224 2603 306 2668 ὅθεν
329 2601 455 2680 ἐξέπεσε
478 2613 536 2686 τῆς
553 2604 669 2685 Κύρου
693 2605 848 2689 διαδοχῆς
869 2604 890 2687 ἡ
914 2602 995 2688 ἀρχὴ
1014 2605 1225 2685 τελευτησαν-

223 2730 279 2784 τος
301 2707 403 2773 αύτοῦ
426 2705 539 2772 καὶτὸ
562 2712 709 2793 Δαρείου
732 2707 828 2792 γένος
850 2707 1077 2792 ἐβασίλευσεν,
1104 2707 1225 2794 ἀνδρὸς

223 2811 265 2876 οὐ
291 2815 395 2894 μόνον
422 2811 578 2898 ἀδελφοῖς
604 2812 686 2878 ἀλλὰ
709 2812 763 2879 καὶ
786 2817 896 2898 φίλοις
918 2812 1134 2898 ἐπισταμένου
1156 2837 1226 2878 ιιοι-

223 2928 344 2982 νωνεῖν
366 2918 565 3002 πραγμάτων
586 2916 641 2984 καὶ
664 2919 841 3004 δυνάμεως.

357 3181 431 3245 VII.
460 3182 492 3246 Εἰ
515 3186 619 3248 καλῶς
643 3183 762 3263 εἴρηται
785 3185 822 3248 τὸ
846 3183 934 3250 (λάθε
960 3180 1092 3264 βιώεαθ.

406 3301 557 3370 (Plutarch.
578 3303 612 3356 de
630 3302 752 3357 latenter
769 3302 889 3357 vivendo
908 3303 1040 3372 c,1sqq.)

191 3461 205 3508 1
287 3442 373 3509 Ἀλλ’
398 3440 477 3510 οὐδὲ
505 3445 522 3510 ὁ
551 3453 649 3510 τοῦτο
672 3445 774 3508 είπών
796 3449 914 3509 λαθεῖν
936 3445 1113 3529 ἠθέλησεν·
1145 3443 1225 3510 αὐτὸ

224 3549 286 3634 γάρ
312 3559 408 3615 τοῦτο
431 3545 537 3632 εἶπεν,
564 3551 619 3615 ἵνα
642 3550 686 3633 μὴ
709 3549 812 3634 λάθη,
840 3550 884 3626 ώς
906 3573 937 3614 τι
960 3561 1096 3635 φρονῶν
1116 3573 1226 3637 περιτ-
1340 3559 1341 3591 ¹
