2722 4028
528 205 560 256 x.
581 199 763 262 Ξωιοοον.
1105 201 1145 265 31

143 361 183 441 ὗς
208 364 331 440 πολλάς
357 360 412 428 καὶ
439 365 534 447 βοῦς,
561 360 616 427 καὶ
642 373 857 446 περιποιεῖται
881 371 1038 446 τοσαῦτα,
1066 363 1147 428 ὥστε

144 468 198 534 καὶ
220 478 259 554 τῇ
282 472 375 534 πόλει
397 467 554 544 πολλάκις
576 472 795 553 λειτουργεῖν,
819 467 881 532 ἀπὸ
906 465 936 532 δ’
958 467 1148 553 ἀρτοποιίας

144 577 300 660 Κύρηβος
322 578 382 658 τήν
405 596 439 638 τε
463 575 571 638 οίκίαυ
593 581 702 638 πᾶσαν
726 572 892 658 διατρέφει
915 571 968 638 καὶ
993 576 1027 657 ζῇ
1052 573 1148 650 δαψι-

144 685 219 763 λῶς,
242 677 375 762 Δημέας
398 675 427 743 δ’
451 677 469 744 δ
489 680 676 754 Κολλυτεὺς
696 676 760 743 άπὸ
778 679 1056 763 χλαμυδουργίας,
1078 675 1148 742 Μέ-

144 809 214 850 νων
242 782 271 849 δ’
300 784 363 849 ἀπὸ
390 784 653 868 χλανιδοποιίας,
681 781 866 867 Μεγαρέων
894 780 923 846 δ’
947 784 983 848 οί
1001 788 1148 848 πλεῖστοι

144 887 198 955 ἀπ’
223 889 472 973 ἐξωμιδοποιίας
494 886 752 972 διατρέφονται;’
786 888 852 970 εΝὴ
870 884 957 969 Δί’,
980 889 1056 972 ἔφη·
1080 882 1147 952 ὀὗ-
1166 904 1183 951 8

145 1020 196 1062 τοι
219 991 279 1079 μὲν
297 995 359 1076 γάρ
379 992 564 1077 ὠνούμενοι
583 992 770 1077 βαρβάρους
788 991 988 1078 ἀνθρώπους
1005 995 1148 1076 ἔχουσιν,

146 1097 224 1166 ὥστ’
254 1099 446 1182 ἀναγκάζειν
477 1097 689 1183 ἐργάζεσθαι,
720 1097 741 1162 ά
770 1103 876 1174 καλῶς
906 1100 986 1183 ἔχει·
1019 1097 1082 1180 ε’γὼ
1113 1095 1143 1162 δ’

145 1203 343 1288 ἐλευθέρως
377 1227 410 1269 τε
442 1201 496 1268 καὶ
529 1202 718 1286 συγγενεῖς.’
770 1199 931 1285 υ’λ.διτειτ”,
966 1205 1045 1288 ἔφη,
1082 1201 1149 1266 Ὅτι

146 1311 320 1396 ἐλεύθεροί
334 1307 360 1374 τ’
383 1307 446 1374 είσὶ
464 1307 519 1373 καί
538 1319 707 1391 συγγενεῖς
725 1324 790 1390 σοι,
813 1314 875 1373 οίει
893 1315 1011 1392 χρῆναι
1029 1307 1149 1383 αὐτοὺς

145 1412 249 1500 μηδὲν
276 1417 356 1480 ἄλλο
384 1425 492 1479 ποιεῖν
514 1413 535 1496 ἢ
558 1412 684 1478 ἐσθίειν
707 1411 761 1478 καὶ
784 1413 976 1491 ααθεύδειν;
1008 1415 1148 1497 πότερον

145 1520 200 1587 καί
227 1531 293 1585 τῶν
318 1521 428 1584 άλλων
451 1517 637 1604 ἐλευθέρων
659 1521 737 1594 τοὺς
759 1517 844 1584 οὕτω
869 1521 988 1596 ζῶντας
1011 1519 1148 1601 άμεινον

147 1627 320 1709 διάγοντας
355 1625 434 1710 δρᾷς
468 1622 522 1688 καὶ
554 1628 680 1708 μᾶλλον
710 1617 946 1707 εὐδαιμονίζεις
971 1623 992 1707 ἢ
1019 1625 1096 1700 τοὺς
1127 1623 1148 1688 δ

146 1732 333 1798 ἐπίστανται
361 1733 503 1814 χρήσιμα
529 1731 611 1813 πρὸς
632 1731 691 1794 τὸν
713 1731 789 1812 βίον
810 1729 937 1794 τούτων
960 1726 1148 1812 ἐπιμελομέ-

145 1861 239 1914 νους;
271 1835 292 1918 ἦ
321 1836 382 1918 την
412 1831 472 1918 μέν
500 1833 618 1918 ἀργίαν
645 1831 700 1898 καὶ
726 1834 787 1917 τὴν
815 1832 968 1917 ἀμέλειαν
995 1835 1183 1900 αίσθάνειε

145 1953 215 2018 τοῖς
238 1940 427 2024 ἀνθρώποις
444 1943 526 2026 πρός
543 1962 577 2004 τε
595 1941 631 2004 τὸ
650 1945 783 2022 μαθεῖν,
806 1938 827 2003 δ
844 1940 1001 2025 προσήκει
1020 1937 1148 2004 ε’πίστα-

147 2053 239 2128 σθαι,
257 2043 311 2110 καὶ
330 2048 411 2131 πρὸς
428 2047 465 2110 τὸ
484 2045 716 2129 μνημονεύειν,
734 2043 754 2108 ἃ
773 2043 815 2108 άν
833 2045 978 2128 μάθωσι,
995 2041 1050 2108 καὶ
1067 2046 1149 2128 πρὸς

146 2155 183 2218 τὸ
211 2152 375 2234 ὑγιαίνειν
402 2172 437 2215 τε
463 2147 518 2214 καὶ
542 2150 667 2233 ἰσχύειν
690 2160 759 2224 τοῖς
782 2150 909 2233 σώμασι
931 2147 985 2214 καὶ
1008 2151 1089 2235 πρὸς
1111 2151 1148 2214 τὸ

145 2259 333 2341 κτήσασθαί
358 2278 393 2320 τε
421 2253 476 2320 καὶ
503 2253 618 2342 σῴζειν
645 2255 684 2318 τά
711 2256 853 2339 χρήσιμα
880 2256 962 2339 πρὸς
988 2256 1046 2319 τὸν
1073 2257 1149 2338 βίον

147 2361 294 2446 ὠφέλιμα
325 2363 420 2444 ὄντα,
452 2361 514 2444 τὴν
544 2357 573 2425 δ’
605 2359 761 2444 ἐργασίαν
790 2358 845 2425 καὶ
873 2361 934 2444 τὴν
964 2356 1149 2443 ἐπιμέλειαν

147 2462 246 2532 οὐδὲν
273 2469 428 2550 χρησιμα;
459 2468 587 2549 ἔμαθον
610 2463 663 2550 δέ,
690 2465 798 2550 δφης
820 2465 920 2542 αὐτάς
943 2464 1149 2548 ἐπίστασθαι,
1169 2484 1199 2532 ιο

146 2574 286 2655 πότερον
316 2571 359 2648 ὡς
388 2571 464 2636 οὔτε
494 2575 635 2656 χρήσιμα
665 2572 744 2636 ὄντα
772 2572 854 2655 πρὸς
882 2573 941 2636 τὸν
970 2574 1046 2655 βίον
1073 2571 1149 2636 οὔτε

146 2677 343 2758 ποιήσουσαι
372 2676 482 2742 αὐτῶν
512 2674 626 2759 οὐδέν,
655 2674 676 2758 ἢ
705 2675 901 2742 τούναντίον
931 2676 974 2753 ὡς
1000 2674 1054 2740 καλ
1081 2675 1149 2740 ἐπι·
1209 2693 1211 2698 ·

145 2783 365 2865 μελησάμεναι
378 2783 506 2846 τούτων
520 2779 573 2846 καὶ
588 2780 836 2865 ὠφελησόμεναι
850 2778 906 2845 ἀπ’
923 2780 1046 2858 αύτῶν;
1066 2779 1149 2845 ἀλλὰ

145 2884 200 2950 καί
222 2895 287 2950 νῦν
310 2884 387 2970 μέν,
410 2886 454 2963 ὡς
477 2875 612 2974 ἐγῷμαι,
635 2886 710 2952 οὔτε
734 2888 775 2951 σὺ
800 2885 925 2962 ἐκείνας
947 2891 1054 2970 φιλεῖς
1076 2883 1145 2951 οὔτ’

146 2990 268 3056 ἐκεῖναι
297 2989 349 3074 σε’,
377 2994 418 3056 σὺ
444 2987 504 3076 μὲν
527 2991 710 3075 ἡγούμενος
732 2991 832 3067 αὐτάς
854 2990 1041 3074 ἐπιζημίους
1065 2986 1147 3056 εἶναι

147 3105 289 3184 σεαυτῷ,
312 3095 435 3161 ε’κεῖναι
458 3092 495 3161 δὲ
519 3093 556 3162 σὲ
579 3096 702 3183 ὁρῶσαι
724 3096 914 3182 ἀχθόμενον
937 3094 988 3180 ἐφ’
1011 3093 1148 3173 ἑαυταῖς.

146 3198 183 3263 ἐκ
210 3197 247 3265 δὲ
273 3202 400 3267 τούτων
422 3203 579 3278 κίνδυνος
601 3205 698 3286 μείζω
721 3199 748 3265 τ’
772 3199 953 3286 ἀπέχθειαν
974 3203 1148 3284 γίγνεσθαι
1169 3219 1198 3265 11

145 3301 287 3389 καλιὴν
314 3318 556 3391 προγεγονυῖαν
579 3309 675 3393 χάριν
697 3313 883 3392 μειοῦσθαι.
920 3306 978 3372 ἐάν
1006 3302 1043 3370 δὲ
1069 3327 1148 3390 προ·
1248 3369 1253 3380 ,
1307 3345 1311 3352 -

146 3412 321 3496 στατησης,
347 3410 435 3488 ὅπως
457 3411 585 3496 ἐνεργοὶ
608 3407 681 3495 ὦσι,
704 3414 746 3476 σὺ
769 3408 830 3496 μὲν
853 3411 979 3488 ἐκείνας
1000 3414 1149 3496 φιλήσεις

145 3514 235 3601 ὁρῶν
263 3515 447 3600 ὠφελίμους
470 3525 594 3604 σεαυτῷ
619 3519 735 3601 οὔσας,
762 3516 883 3583 ἐκεῖναι
906 3513 943 3582 δὲ
966 3513 1002 3582 σὲ
1025 3515 1149 3602 ἀγαπη-
